Details,Posting Date,Description,Amount,Type,Balance,Check or Slip #
DEBIT,02/02/2022,"SIMPLEFIN BRIDGE SIMPLEFIN.ORG UT            02/01",-1.50,DEBIT_CARD,211.30,,
DEBIT,02/02/2022,"CKO*Patreon* Membershi 833-9728766 CA        02/01",-2.09,DEBIT_CARD,212.80,,
DEBIT,01/31/2022,"DISCOVER         E-PAYMENT  8817            WEB ID: 2510020270",-195.01,ACH_DEBIT,214.89,,
DEBIT,01/31/2022,"HUMBLEBUNDLE.COM HTTPSWWW.HUMB CA            01/30",-13.00,DEBIT_CARD,409.90,,
DEBIT,01/31/2022,"TIDAL 844-878-4325 844-8784325 FL            01/30",-4.99,DEBIT_CARD,422.90,,
DEBIT,01/31/2022,"WANIKANI JAPANESE LA HTTPSWWW.WANI OR        01/29",-9.00,DEBIT_CARD,427.89,,
DEBIT,01/31/2022,"Online Transfer 13550589616 to SoFi ########4079 transaction #: 13550589616 01/31",-800.00,ACCT_XFER,436.89,,
CREDIT,01/31/2022,"118870 SENECA FO DIR DEP                    PPD ID: 2364227403",1186.60,ACH_CREDIT,1236.89,,
DEBIT,01/28/2022,"DISCOVER         E-PAYMENT  8817            WEB ID: 2510020270",-140.00,ACH_DEBIT,50.29,,
DEBIT,01/20/2022,"PAYPAL           INST XFER                  WEB ID: PAYPALSI77",-51.75,ACH_DEBIT,190.29,,
DEBIT,01/18/2022,"PAYPAL           INST XFER                  WEB ID: PAYPALSI77",-88.88,ACH_DEBIT,242.04,,
DEBIT,01/18/2022,"DISCOVER         E-PAYMENT  8817            WEB ID: 2510020270",-117.29,ACH_DEBIT,330.92,,
DEBIT,01/18/2022,"PAYPAL *BARTLEBY 402-935-7733 NY             01/16",-9.99,DEBIT_CARD,448.21,,
DEBIT,01/18/2022,"Online Transfer 13456135220 to SoFi ########4079 transaction #: 13456135220 01/18",-700.00,ACCT_XFER,458.20,,
CREDIT,01/14/2022,"118870 SENECA FO DIR DEP                    PPD ID: 2364227403",1092.43,ACH_CREDIT,1158.20,,
DEBIT,01/13/2022,"Microsoft*Ultimate 1 M 425-6816830 WA        01/13",-16.53,DEBIT_CARD,65.77,,
DEBIT,01/12/2022,"PAYPAL           RETRY PYMT                 WEB ID: PAYPALSI77",-13.00,ACH_DEBIT,82.30,,
CREDIT,01/12/2022,"Sofi Money       TRANSFER   jsanchez        WEB ID: 2330165195",90.00,MISC_CREDIT,95.30,,
DEBIT,01/06/2022,"GOOGLE*VU HANG SUPPORT.GOOGL CA              01/05",-2.19,DEBIT_CARD,5.30,,
DEBIT,01/03/2022,"PAYPAL *KINGUINDIGI 402-935-7733 CA          01/02",-5.94,DEBIT_CARD,7.49,,
DEBIT,01/03/2022,"PAYPAL *HASANDPIKER 402-935-7733 CA          01/03",-3.00,DEBIT_CARD,13.43,,
DEBIT,01/03/2022,"CLOUDAMO* CLOUDAMO 130 CAMBRIDGE ON          01/02",-27.00,DEBIT_CARD,16.43,,
DEBIT,01/03/2022,"SIMPLEFIN BRIDGE SIMPLEFIN.ORG UT            01/01",-1.50,DEBIT_CARD,43.43,,
DEBIT,01/03/2022,"VENTRA AUTOLOAD 877-669-8368 IL              01/01",-20.00,DEBIT_CARD,44.93,,
DEBIT,01/03/2022,"CKO*Patreon* Membershi 833-9728766 CA        01/01",-2.09,DEBIT_CARD,64.93,,
DEBIT,01/03/2022,"VENTRA MOBILE 877-669-8368 IL                01/01",-5.00,DEBIT_CARD,67.02,,
DEBIT,01/03/2022,"PAYPAL *SOFTGIVING 402-935-7733 MA           01/01",-11.00,DEBIT_CARD,72.02,,
DEBIT,01/03/2022,"JTI*TWITCHTV SUB SRVCS 425-4779093 CA        12/31",-27.20,DEBIT_CARD,83.02,,
DEBIT,01/03/2022,"PAYPAL *STEAM GAMES 402-935-7733 WA          01/01",-3.19,DEBIT_CARD,110.22,,
DEBIT,01/03/2022,"PAYPAL *STEAM GAMES 402-935-7733 WA          01/01",-22.50,DEBIT_CARD,113.41,,
DEBIT,01/03/2022,"PAYPAL *KINGUINDIGI 402-935-7733 CA          12/31",-35.67,DEBIT_CARD,135.91,,
DEBIT,12/31/2021,"Online Transfer 13354289855 to SoFi ########4079 transaction #: 13354289855 12/31",-250.00,ACCT_XFER,171.58,,
DEBIT,12/31/2021,"TIDAL 844-878-4325 844-8784325 FL            12/31",-4.99,DEBIT_CARD,421.58,,
DEBIT,12/31/2021,"VENTRA MOBILE 877-669-8368 IL                12/30",-5.00,DEBIT_CARD,426.57,,
DEBIT,12/31/2021,"VENTRA MOBILE 877-669-8368 IL                12/30",-5.00,DEBIT_CARD,431.57,,
DEBIT,12/31/2021,"GOOGLE*DOMAINS SUPPORT.GOOGL CA              12/30",-12.00,DEBIT_CARD,436.57,,
DEBIT,12/31/2021,"GOOGLE*PASHAPUMA SUPPORT.GOOGL CA            12/30",-1.09,DEBIT_CARD,448.57,,
DEBIT,12/30/2021,"Online Transfer 13344242040 to SoFi ########4079 transaction #: 13344242040 12/30",-900.00,ACCT_XFER,449.66,,
DEBIT,12/30/2021,"WANIKANI JAPANESE LA HTTPSWWW.WANI OR        12/29",-9.00,DEBIT_CARD,1349.66,,
CREDIT,12/30/2021,"118870 SENECA FO DIR DEP                    PPD ID: 2364227403",1276.20,ACH_CREDIT,1358.66,,
DEBIT,12/28/2021,"PAYPAL *CURIOSITYST 402-935-7733 MD          12/27",-9.33,DEBIT_CARD,82.46,,
DEBIT,12/27/2021,"Steam Purchase 425-9522985 WA                12/27",-57.65,DEBIT_CARD,91.79,,
DEBIT,12/24/2021,"Steam Purchase 425-9522985 WA                12/24",-12.86,DEBIT_CARD,149.44,,
DEBIT,12/24/2021,"Steam Purchase 425-9522985 WA                12/24",-27.86,DEBIT_CARD,162.30,,
DEBIT,12/22/2021,"VENTRA MOBILE 877-669-8368 IL                12/21",-10.00,DEBIT_CARD,190.16,,
DEBIT,12/21/2021,"SHEDD AQUARIUM 312-939-2438 IL               12/20",-3.00,DEBIT_CARD,200.16,,
DEBIT,12/20/2021,"VENTRA MOBILE 877-669-8368 IL                12/19",-10.00,DEBIT_CARD,203.16,,
DEBIT,12/17/2021,"PAYPAL           INST XFER                  WEB ID: PAYPALSI77",-86.84,ACH_DEBIT,213.16,,
DEBIT,12/17/2021,"Microsoft 425-6816830 WA                     12/17",-16.53,DEBIT_CARD,300.00,,
DEBIT,12/17/2021,"VENTRA MOBILE 877-669-8368 IL                12/16",-5.00,DEBIT_CARD,316.53,,
DEBIT,12/16/2021,"DISCOVER         E-PAYMENT  8817            WEB ID: 2510020270",-266.01,ACH_DEBIT,321.53,,
DEBIT,12/15/2021,"Online Transfer 13238840572 to SoFi ########4079 transaction #: 13238840572 12/15",-600.00,ACCT_XFER,587.54,,
CREDIT,12/15/2021,"118870 SENECA FO DIR DEP                    PPD ID: 2364227403",1182.03,ACH_CREDIT,1187.54,,
DEBIT,12/06/2021,"VENTRA MOBILE 877-669-8368 IL                12/05",-5.00,DEBIT_CARD,5.51,,
DEBIT,12/06/2021,"VENTRA MOBILE 877-669-8368 IL                12/04",-5.00,DEBIT_CARD,10.51,,
DEBIT,12/06/2021,"9640 AMC ONLINE 888-440-4262 KS              12/04",-1.11,DEBIT_CARD,15.51,,
DEBIT,12/02/2021,"DISCOVER         E-PAYMENT  8817            WEB ID: 2510020270",-97.52,ACH_DEBIT,16.62,,
DEBIT,12/02/2021,"SOFI SECURITIES  ACH        20211201375683  WEB ID: 2561673990",-150.00,MISC_DEBIT,114.14,,
DEBIT,12/02/2021,"SIMPLEFIN BRIDGE SIMPLEFIN.ORG UT            12/01",-1.50,DEBIT_CARD,264.14,,
DEBIT,12/02/2021,"CKO*Patreon* Membershi 833-9728766 CA        12/01",-2.09,DEBIT_CARD,265.64,,
DEBIT,12/01/2021,"GUERREROS PIZZA CHICAGO IL                   11/30",-6.18,DEBIT_CARD,267.73,,
DEBIT,12/01/2021,"Online Transfer 13129081899 to SoFi ########4079 transaction #: 13129081899 12/01",-100.00,ACCT_XFER,273.91,,
DEBIT,12/01/2021,"Subway 51581 Chicago IL                      11/30",-11.82,DEBIT_CARD,373.91,,
DEBIT,11/30/2021,"Online Transfer 13127557163 to SoFi ########4079 transaction #: 13127557163 11/30",-800.00,ACCT_XFER,385.73,,
DEBIT,11/30/2021,"VENTRA MOBILE 877-669-8368 IL                11/29",-10.00,DEBIT_CARD,1185.73,,
DEBIT,11/30/2021,"WANIKANI JAPANESE LA HTTPSWWW.WANI OR        11/29",-9.00,DEBIT_CARD,1195.73,,
CREDIT,11/30/2021,"118870 SENECA FO DIR DEP                    PPD ID: 2364227403",1182.03,ACH_CREDIT,1204.73,,
DEBIT,11/29/2021,"VENTRA MOBILE 877-669-8368 IL                11/26",-5.00,DEBIT_CARD,22.70,,
DEBIT,11/26/2021,"DISCOVER         E-PAYMENT  8817            WEB ID: 2510020270",-118.35,ACH_DEBIT,27.70,,
DEBIT,11/26/2021,"VENTRA MOBILE 877-669-8368 IL                11/25",-5.00,DEBIT_CARD,146.05,,
DEBIT,11/24/2021,"LA CENTRAL BAKERY CHICAGO IL                 11/23",-9.00,DEBIT_CARD,151.05,,
DEBIT,11/23/2021,"VENTRA MOBILE 877-669-8368 IL                11/22",-10.00,DEBIT_CARD,160.05,,
DEBIT,11/23/2021,"DEPAUL CASHIER LINCOLN CHICAGO IL            11/22",-25.00,DEBIT_CARD,170.05,,
DEBIT,11/22/2021,"Online Transfer 13073658844 to SoFi ########4079 transaction #: 13073658844 11/22",-200.00,ACCT_XFER,195.05,,
DEBIT,11/22/2021,"WHOLEFDS DPL #10 959 W CHICAGO IL    840656  11/22",-7.71,DEBIT_CARD,395.05,,
DEBIT,11/22/2021,"VENTRA MOBILE 877-669-8368 IL                11/20",-5.00,DEBIT_CARD,402.76,,
DEBIT,11/22/2021,"VENTRA MOBILE 877-669-8368 IL                11/19",-5.00,DEBIT_CARD,407.76,,
DEBIT,11/19/2021,"Online Transfer 13047588463 to SoFi ########4079 transaction #: 13047588463 11/19",-12300.00,ACCT_XFER,412.76,,
DEBIT,11/19/2021,"PAYPAL *MYSETV 402-935-7733 CA               11/18",-2.50,DEBIT_CARD,12712.76,,
DEBIT,11/18/2021,"LITTLE CAESARS #1648 CHICAGO IL              11/16",-7.25,DEBIT_CARD,12715.26,,
DEBIT,11/17/2021,"PAYPAL           INST XFER                  WEB ID: PAYPALSI77",-9.99,ACH_DEBIT,12722.51,,
DEBIT,11/17/2021,"VENTRA MOBILE 877-669-8368 IL                11/16",-5.00,DEBIT_CARD,12732.50,,
DEBIT,11/16/2021,"Online Transfer 13031949970 to SoFi ########4079 transaction #: 13031949970 11/16",-170.00,ACCT_XFER,12737.50,,
DEBIT,11/16/2021,"SOFI SECURITIES  ACH        20211113050149  WEB ID: 2561673990",-200.00,MISC_DEBIT,12907.50,,
DEBIT,11/16/2021,"SOFI SECURITIES  ACH        20211113050180  WEB ID: 2561673990",-300.00,MISC_DEBIT,13107.50,,
CREDIT,11/16/2021,"ATM CHECK DEPOSIT 11/16 2228 S WESTERN AVE CHICAGO IL",12700.00,ATM_DEPOSIT,13407.50,,
DEBIT,11/15/2021,"DISCOVER         E-PAYMENT  8817            WEB ID: 2510020270",-144.17,ACH_DEBIT,707.50,,
DEBIT,11/15/2021,"DISCOVER         E-PAYMENT  8817            WEB ID: 2510020270",-280.00,ACH_DEBIT,851.67,,
DEBIT,11/15/2021,"Online Transfer 13013841054 to SoFi ########4079 transaction #: 13013841054 11/15",-60.00,ACCT_XFER,1131.67,,
DEBIT,11/15/2021,"Online Transfer 13013834442 to SoFi ########4079 transaction #: 13013834442 11/15",-300.00,ACCT_XFER,1191.67,,
DEBIT,11/15/2021,"Microsoft 425-6816830 WA                     11/13",-16.53,DEBIT_CARD,1491.67,,
CREDIT,11/15/2021,"SELF LENDER INC  PAYOUTS                    PPD ID: 9473596202",27.72,ACH_CREDIT,1508.20,,
CREDIT,11/15/2021,"118870 SENECA FO DIR DEP                    PPD ID: 2364227403",1182.03,ACH_CREDIT,1480.48,,
DEBIT,11/12/2021,"VENTRA MOBILE 877-669-8368 IL                11/11",-5.00,DEBIT_CARD,298.45,,
DEBIT,11/08/2021,"VENTRA MOBILE 877-669-8368 IL                11/07",-5.00,DEBIT_CARD,303.45,,
DEBIT,11/08/2021,"Online Transfer 12961426302 to SoFi ########4079 transaction #: 12961426302 11/08",-60.00,ACCT_XFER,308.45,,
DEBIT,11/05/2021,"MCDONALD'S F28128 CHICAGO IL                 11/04",-11.15,DEBIT_CARD,368.45,,
DEBIT,11/05/2021,"VENTRA MOBILE 877-669-8368 IL                11/04",-5.00,DEBIT_CARD,379.60,,
DEBIT,11/04/2021,"7-ELEVEN CHICAGO IL                          11/04",-3.58,DEBIT_CARD,384.60,,
DEBIT,11/04/2021,"WALGREENS #15667 CHICAGO IL                  11/03",-4.47,DEBIT_CARD,388.18,,
DEBIT,11/04/2021,"VENTRA MOBILE 877-669-8368 IL                11/03",-5.00,DEBIT_CARD,392.65,,
DEBIT,11/04/2021,"PAYPAL *CHICAGOLAND 402-935-7733 CA          11/03",-20.00,DEBIT_CARD,397.65,,
DEBIT,11/03/2021,"Sofi Money       TRANSFER   jsanchez        WEB ID: 2330165195",-100.00,MISC_DEBIT,417.65,,
DEBIT,11/03/2021,"MCDONALD'S F28128 CHICAGO IL                 11/02",-10.83,DEBIT_CARD,517.65,,
DEBIT,11/03/2021,"VENTRA MOBILE 877-669-8368 IL                11/02",-5.00,DEBIT_CARD,528.48,,
DEBIT,11/02/2021,"SOFI SECURITIES  ACH        20211030082424  WEB ID: 2561673990",-500.00,MISC_DEBIT,533.48,,
DEBIT,11/02/2021,"CKO*Patreon* Membershi 833-9728766 CA        11/01",-2.09,DEBIT_CARD,1033.48,,
CREDIT,11/02/2021,"Sofi Money       TRANSFER                   PPD ID: 2330165195",0.40,MISC_CREDIT,1035.57,,
CREDIT,11/02/2021,"Sofi Money       TRANSFER                   PPD ID: 2330165195",0.86,MISC_CREDIT,1035.17,,
DEBIT,11/01/2021,"DISCOVER         E-PAYMENT  8817            WEB ID: 2510020270",-87.07,ACH_DEBIT,1034.31,,
DEBIT,11/01/2021,"WANIKANI JAPANESE LA HTTPSWWW.WANI OR        10/29",-9.00,DEBIT_CARD,1121.38,,
CREDIT,10/29/2021,"118870 SENECA FO DIR DEP                    PPD ID: 2364227403",1087.86,ACH_CREDIT,1130.38,,
DEBIT,10/28/2021,"MR. QUILES MEXICAN FOO CHICAGO IL            10/27",-9.00,DEBIT_CARD,42.52,,
DEBIT,10/28/2021,"VENTRA MOBILE 877-669-8368 IL                10/27",-5.00,DEBIT_CARD,51.52,,
DEBIT,10/27/2021,"7-ELEVEN CHICAGO IL                          10/27",-3.30,DEBIT_CARD,56.52,,
DEBIT,10/27/2021,"DISCOVER         E-PAYMENT  8817            WEB ID: 2510020270",-40.00,ACH_DEBIT,59.82,,
DEBIT,10/27/2021,"VENTRA MOBILE 877-669-8368 IL                10/26",-5.00,DEBIT_CARD,99.82,,
DEBIT,10/27/2021,"2708PEPSIVEN9147678600 CHICAGO IL            10/26",-2.10,DEBIT_CARD,104.82,,
DEBIT,10/26/2021,"7-ELEVEN CHICAGO IL                          10/26",-3.31,DEBIT_CARD,106.92,,
DEBIT,10/25/2021,"DUNKIN #352950 Q35 CHICAGO IL                10/24",-2.85,DEBIT_CARD,110.23,,
DEBIT,10/25/2021,"LYFT   *DIVVY BIKE LYFT.COM CA               10/24",-3.60,DEBIT_CARD,113.08,,
DEBIT,10/25/2021,"IPOSTAL1USZOOM 845-579-5770 NY               10/24",-9.99,DEBIT_CARD,116.68,,
DEBIT,10/25/2021,"DOLLARTRE 2118 W CERMA CHICAGO IL            10/23",-10.47,DEBIT_CARD,126.67,,
DEBIT,10/25/2021,"SUPERMERC 2101 W CERMA CHICAGO IL            10/23",-27.19,DEBIT_CARD,137.14,,
DEBIT,10/25/2021,"PAYPAL *DISCORD 402-935-7733 CA              10/23",-9.99,DEBIT_CARD,164.33,,
DEBIT,10/25/2021,"PAYPAL *DISCORD 402-935-7733 CA              10/23",-9.99,DEBIT_CARD,174.32,,
DEBIT,10/22/2021,"VENTRA MOBILE 877-669-8368 IL                10/21",-5.00,DEBIT_CARD,184.31,,
DEBIT,10/21/2021,"7-ELEVEN CHICAGO IL                          10/21",-8.64,DEBIT_CARD,189.31,,
DEBIT,10/21/2021,"VENTRA MOBILE 877-669-8368 IL                10/20",-5.00,DEBIT_CARD,197.95,,
DEBIT,10/21/2021,"AMZN Mktp US*2Y7CN5B Amzn.com/bill WA        10/21",-33.06,DEBIT_CARD,202.95,,
DEBIT,10/20/2021,"7-ELEVEN CHICAGO IL                          10/20",-5.49,DEBIT_CARD,236.01,,
DEBIT,10/20/2021,"VENTRA MOBILE 877-669-8368 IL                10/19",-5.00,DEBIT_CARD,241.50,,
DEBIT,10/19/2021,"TAQUERIA LOS ALAMOS CHICAGO IL               10/18",-21.49,DEBIT_CARD,246.50,,
DEBIT,10/19/2021,"PAYPAL *MYSETV 402-935-7733 CA               10/18",-2.50,DEBIT_CARD,267.99,,
DEBIT,10/18/2021,"DISCOVER         E-PAYMENT  8817            WEB ID: 2510020270",-160.00,ACH_DEBIT,270.49,,
DEBIT,10/18/2021,"BP#1037900THACH CHICAGO IL                   10/17",-5.47,DEBIT_CARD,430.49,,
DEBIT,10/18/2021,"ATM WITHDRAWAL                       003709  10/171953 W 21",-200.00,ATM,435.96,,
DEBIT,10/18/2021,"ATM WITHDRAWAL                       003708  10/171953 W 21",-540.00,ATM,635.96,,
DEBIT,10/18/2021,"PAYPAL *TWITCHINTER 402-935-7733 CA          10/17",-5.44,DEBIT_CARD,1175.96,,
DEBIT,10/18/2021,"SUPERMERC 2101 W CERMA CHICAGO IL            10/16",-19.96,DEBIT_CARD,1181.40,,
DEBIT,10/18/2021,"PAYPAL *FACEBOOKTEC O 402-935-7733 CA        10/18",31.86,DEBIT_CARD,1201.36,,
DEBIT,10/15/2021,"Microsoft 425-6816830 WA                     10/15",-16.53,DEBIT_CARD,1169.50,,
DEBIT,10/15/2021,"PAYPAL *TWITCHINTER 402-935-7733 CA          10/15",-9.80,DEBIT_CARD,1186.03,,
CREDIT,10/15/2021,"118870 SENECA FO DIR DEP                    PPD ID: 2364227403",1182.03,ACH_CREDIT,1195.83,,
DEBIT,10/13/2021,"VENTRA MOBILE 877-669-8368 IL                10/12",-5.00,DEBIT_CARD,13.80,,
DEBIT,10/12/2021,"VENTRA MOBILE 877-669-8368 IL                10/11",-5.00,DEBIT_CARD,18.80,,
DEBIT,10/12/2021,"LYFT   *DIVVY BIKE LYFT.COM CA               10/10",-3.60,DEBIT_CARD,23.80,,
DEBIT,10/12/2021,"DUNKIN #352950 Q35 CHICAGO IL                10/09",-9.57,DEBIT_CARD,27.40,,
DEBIT,10/12/2021,"FAMILY DOLLAR # CHICAGO IL                   10/09",-1.65,DEBIT_CARD,36.97,,
CREDIT,10/12/2021,"Gary Comer Youth PAYROLL                    PPD ID: 9P12096360",10.00,ACH_CREDIT,38.62,,
DEBIT,10/08/2021,"GOOGLE *YouTube Music 855-836-3987 CA        10/07",-10.89,DEBIT_CARD,28.62,,
DEBIT,10/08/2021,"Subway 3333 Chicago IL                       10/07",-13.05,DEBIT_CARD,39.51,,
DEBIT,10/08/2021,"VENTRA MOBILE 877-669-8368 IL                10/07",-5.00,DEBIT_CARD,52.56,,
DEBIT,10/07/2021,"ATM WITHDRAWAL                       006564  10/071953 W 21",-80.00,ATM,57.56,,
DEBIT,10/05/2021,"AMZN Mktp US*2C1E032 Amzn.com/bill WA        10/05",-13.11,DEBIT_CARD,137.56,,
DEBIT,10/05/2021,"PAYPAL *FACEBOOKTEC O 402-935-7733 CA        10/05",-31.86,DEBIT_CARD,150.67,,
DEBIT,10/05/2021,"PAYPAL *SAMSUNGELEC 402-935-7733 NJ          10/04",-348.06,DEBIT_CARD,182.53,,
DEBIT,10/04/2021,"BP#1037900THACH CHICAGO IL                   10/04",-2.66,DEBIT_CARD,530.59,,
DEBIT,10/04/2021,"THE HOME DEPOT #1911 CICERO IL               10/03",-24.65,DEBIT_CARD,533.25,,
DEBIT,10/04/2021,"WAL-MART #3004 CICERO IL                     10/03",-276.30,DEBIT_CARD,557.90,,
DEBIT,10/04/2021,"CHURCH S CHICKEN 1068 CHICAGO IL             10/01",-21.03,DEBIT_CARD,834.20,,
DEBIT,10/04/2021,"CKO*Patreon* Membershi 833-9728766 CA        10/01",-2.09,DEBIT_CARD,855.23,,
DEBIT,10/01/2021,"SOFI SECURITIES  ACH        20210930044548  WEB ID: 2561673990",-50.00,MISC_DEBIT,857.32,,
DEBIT,10/01/2021,"Subway 3333 Chicago IL                       09/30",-11.48,DEBIT_CARD,907.32,,
DEBIT,09/30/2021,"ATM WITHDRAWAL                       001221  09/301953 W 21",-340.00,ATM,918.80,,
DEBIT,09/30/2021,"REI #123 CHICAGO-LINC CHICAGO IL     931677  09/30",-20.00,DEBIT_CARD,1258.80,,
DEBIT,09/30/2021,"DISCOVER         E-PAYMENT  8817            WEB ID: 2510020270",-239.25,ACH_DEBIT,1278.80,,
DEBIT,09/30/2021,"WANIKANI JAPANESE LA HTTPSWWW.WANI OR        09/29",-9.00,DEBIT_CARD,1518.05,,
DEBIT,09/30/2021,"MCDONALD'S F10642 CHICAGO IL                 09/29",-3.75,DEBIT_CARD,1527.05,,
DEBIT,09/30/2021,"VENTRA MOBILE 877-669-8368 IL                09/29",-5.00,DEBIT_CARD,1530.80,,
DEBIT,09/30/2021,"VENTRA MOBILE 877-669-8368 IL                09/29",-5.00,DEBIT_CARD,1535.80,,
CREDIT,09/30/2021,"118870 SENECA FO DIR DEP                    PPD ID: 2364227403",1182.03,ACH_CREDIT,1540.80,,
CREDIT,09/29/2021,"ATM CASH DEPOSIT 09/29 150 N MICHIGAN AVE CHICAGO IL",314.00,ATM,358.77,,
DEBIT,09/28/2021,"PAYPAL *NEWYORKTIME N 402-935-7733 NY        09/27",-4.00,DEBIT_CARD,44.77,,
DEBIT,09/28/2021,"NTLREST SERVSAFE 312-7151010 IL              09/27",-12.00,DEBIT_CARD,48.77,,
DEBIT,09/27/2021,"DISCOVER         E-PAYMENT  8817            WEB ID: 2510020270",-160.00,ACH_DEBIT,60.77,,
DEBIT,09/27/2021,"MCDONALD'S M4684 CHICAGO IL                  09/26",-18.65,DEBIT_CARD,220.77,,
DEBIT,09/27/2021,"DOLLARTRE 2118 W CERMA CHICAGO IL            09/25",-21.16,DEBIT_CARD,239.42,,
DEBIT,09/27/2021,"Subway 47894 177-35231472 IL                 09/25",-14.88,DEBIT_CARD,260.58,,
DEBIT,09/27/2021,"IPOSTAL1USZOOM 845-579-5770 NY               09/24",-9.99,DEBIT_CARD,275.46,,
DEBIT,09/23/2021,"GOOGLE *Transit App g.co/helppay# CA         09/23",-27.55,DEBIT_CARD,285.45,,
DEBIT,09/23/2021,"PAYPAL           RETRY PYMT TWITCHINTER     WEB ID: PAYPALSI77",-9.80,ACH_DEBIT,313.00,,
DEBIT,09/23/2021,"VENTRA MOBILE 877-669-8368 IL                09/22",-5.00,DEBIT_CARD,322.80,,
DEBIT,09/22/2021,"VENTRA MOBILE 877-669-8368 IL                09/21",-5.00,DEBIT_CARD,327.80,,
DEBIT,09/21/2021,"SOFI SECURITIES  ACH        20210918014726  WEB ID: 2561673990",-30.00,MISC_DEBIT,332.80,,
DEBIT,09/21/2021,"SOFI SECURITIES  ACH        20210918063027  WEB ID: 2561673990",-70.00,MISC_DEBIT,362.80,,
DEBIT,09/20/2021,"PAYPAL *FACEBOOKTEC O 402-935-7733 CA        09/20",-21.86,DEBIT_CARD,432.80,,
DEBIT,09/20/2021,"MCDONALD'S F28128 CHICAGO IL                 09/19",-11.95,DEBIT_CARD,454.66,,
DEBIT,09/20/2021,"VENTRA MOBILE 877-669-8368 IL                09/19",-5.00,DEBIT_CARD,466.61,,
DEBIT,09/20/2021,"PAYPAL *MYSETV 402-935-7733 CA               09/18",-2.50,DEBIT_CARD,471.61,,
DEBIT,09/20/2021,"PAYPAL *GOFNDME 402-935-7733 CA              09/18",-13.97,DEBIT_CARD,474.11,,
DEBIT,09/17/2021,"Microsoft*Ultimate 1 Mo Redmond WA           09/17",-15.93,DEBIT_CARD,488.08,,
DEBIT,09/17/2021,"DISCOVER         E-PAYMENT  8817            WEB ID: 2510020270",-335.00,ACH_DEBIT,504.01,,
DEBIT,09/17/2021,"Experian* Credit Repor 479-3436237 CA        09/16",-19.99,DEBIT_CARD,839.01,,
DEBIT,09/17/2021,"DUNKIN #350725 CHICAGO IL                    09/16",-3.33,DEBIT_CARD,859.00,,
DEBIT,09/17/2021,"DUNKIN #350725 CHICAGO IL                    09/16",-1.44,DEBIT_CARD,862.33,,
DEBIT,09/17/2021,"BURGER KING #1455 CHICAGO IL                 09/15",-3.33,DEBIT_CARD,863.77,,
DEBIT,09/17/2021,"BURGER KING #1455 CHICAGO IL                 09/15",-3.33,DEBIT_CARD,867.10,,
DEBIT,09/16/2021,"PAYPAL           INST XFER  TWITCHINTER     WEB ID: PAYPALSI77",-5.44,ACH_DEBIT,870.43,,
DEBIT,09/16/2021,"7-ELEVEN CHICAGO IL                          09/16",-4.89,DEBIT_CARD,875.87,,
DEBIT,09/16/2021,"SELF LENDER INC  PAYMENTS                   PPD ID: 1473596202",-35.00,ACH_DEBIT,880.76,,
DEBIT,09/16/2021,"DISCOVER         E-PAYMENT  8817            WEB ID: 2510020270",-100.89,ACH_DEBIT,915.76,,
DEBIT,09/16/2021,"VENTRA MOBILE 877-669-8368 IL                09/15",-5.00,DEBIT_CARD,1016.65,,
DEBIT,09/16/2021,"Subway 47894 Chicago IL                      09/15",-11.48,DEBIT_CARD,1021.65,,
DEBIT,09/15/2021,"PAYPAL           INST XFER                  WEB ID: PAYPALSI77",-160.67,ACH_DEBIT,1033.13,,
DEBIT,09/15/2021,"7-ELEVEN CHICAGO IL                          09/15",-2.37,DEBIT_CARD,1193.80,,
CREDIT,09/15/2021,"Gary Comer Youth PAYROLL                    PPD ID: 9P12096360",10.00,ACH_CREDIT,1196.17,,
CREDIT,09/15/2021,"118870 SENECA FO DIR DEP                    PPD ID: 2364227403",1182.03,ACH_CREDIT,1186.17,,
DEBIT,09/13/2021,"VENTRA MOBILE 877-669-8368 IL                09/11",-5.00,DEBIT_CARD,4.14,,
DEBIT,09/10/2021,"LYFT   *DIVVY BIKE 855-865-9553 CA           09/10",-7.36,DEBIT_CARD,9.14,,
DEBIT,09/10/2021,"ACTBLUE*HUGO2022 323-4120448 CA              09/09",-10.00,DEBIT_CARD,16.50,,
DEBIT,09/10/2021,"VENTRA MOBILE 877-669-8368 IL                09/09",-5.00,DEBIT_CARD,26.50,,
DEBIT,09/09/2021,"PAYPAL           INST XFER                  WEB ID: PAYPALSI77",-180.00,ACH_DEBIT,31.50,,
DEBIT,09/09/2021,"VENTRA ACCOUNT CHICAGO IL                    09/08",-2.50,DEBIT_CARD,211.50,,
DEBIT,09/08/2021,"ATM WITHDRAWAL                       005954  09/081953 W 21",-260.00,ATM,214.00,,
DEBIT,09/08/2021,"7-ELEVEN CHICAGO IL                          09/08",-5.82,DEBIT_CARD,474.00,,
DEBIT,09/08/2021,"GOOGLE* Digibites 650-2530000 CA             09/07",-3.30,DEBIT_CARD,479.82,,
DEBIT,09/08/2021,"PAYPAL *KINGUINDIGI 402-935-7733 CA          09/07",-5.43,DEBIT_CARD,483.12,,
DEBIT,09/07/2021,"FAMILY DOLLAR # CHICAGO IL                   09/06",-4.13,DEBIT_CARD,488.55,,
DEBIT,09/07/2021,"PP*CONDE NAST 402-935-7733 DE                09/06",-5.00,DEBIT_CARD,492.68,,
DEBIT,09/07/2021,"PAYPAL *KINGUINDIGI 402-935-7733 CA          09/05",-22.91,DEBIT_CARD,497.68,,
DEBIT,09/07/2021,"PAYPAL *KINGUINDIGI 402-935-7733 CA          09/05",-11.99,DEBIT_CARD,520.59,,
DEBIT,09/07/2021,"Zelle payment to Manuel Garcia JPM713062623",-100.00,CHASE_TO_PARTNERFI,532.58,,
DEBIT,09/07/2021,"DOLLARTRE 2118 W CERMA CHICAGO IL            09/05",-19.67,DEBIT_CARD,632.58,,
DEBIT,09/07/2021,"LYFT   *DIVVY BIKE 855-865-9553 CA           09/04",-3.92,DEBIT_CARD,652.25,,
DEBIT,09/07/2021,"DUNKIN #352950 Q35 CHICAGO IL                09/03",-14.54,DEBIT_CARD,656.17,,
DEBIT,09/07/2021,"VENTRA MOBILE 877-669-8368 IL                09/03",-5.00,DEBIT_CARD,670.71,,
DEBIT,09/03/2021,"Amazon Music*2522F6DL 888-802-3080 WA        09/02",-8.71,DEBIT_CARD,675.71,,
DEBIT,09/02/2021,"CKO*Patreon* Membershi 833-9728766 CA        09/01",-53.22,DEBIT_CARD,684.42,,
DEBIT,09/01/2021,"Subway 47894 177-35231472 IL                 08/31",-27.04,DEBIT_CARD,737.64,,
DEBIT,08/31/2021,"WANIKANI JAPANESE LA HTTPSWWW.WANI OR        08/31",-9.00,DEBIT_CARD,764.68,,
DEBIT,08/31/2021,"DOLLARTRE 2118 W CERMA CHICAGO IL            08/31",-19.26,DEBIT_CARD,773.68,,
DEBIT,08/31/2021,"ATM WITHDRAWAL                       000061  08/311953 W 21",-500.00,ATM,792.94,,
DEBIT,08/31/2021,"SELF LENDER 877-8830999 TX                   08/30",-9.57,DEBIT_CARD,1292.94,,
CREDIT,08/31/2021,"118870 SENECA FO DIR DEP                    PPD ID: 2364227403",1276.20,ACH_CREDIT,1302.51,,
CREDIT,08/30/2021,"ATM CASH DEPOSIT 08/30 1953 W 21st Place CHICAGO IL",20.00,ATM,26.31,,
DEBIT,08/24/2021,"IPOSTAL1USZOOM 845-579-5770 NY               08/24",-9.99,DEBIT_CARD,6.31,,
DEBIT,08/24/2021,"CKO*Patreon* Membershi 833-9728766 CA        08/23",-25.00,DEBIT_CARD,16.30,,
DEBIT,08/24/2021,"VENTRA MOBILE 877-669-8368 IL                08/23",-5.00,DEBIT_CARD,41.30,,
DEBIT,08/23/2021,"Kindle Svcs*2D2WI99Z0 866-321-8851 WA        08/22",-2.99,DEBIT_CARD,46.30,,
DEBIT,08/23/2021,"AMZN Mktp US*2D3AA0W Amzn.com/bill WA        08/22",-7.71,DEBIT_CARD,49.29,,
DEBIT,08/20/2021,"Microsoft*Ultimate 1 Mo Redmond WA           08/20",-15.93,DEBIT_CARD,57.00,,
DEBIT,08/19/2021,"PAYPAL *WRITE2ME4HELP 402-935-7733 CA        08/19",-6.44,DEBIT_CARD,72.93,,
DEBIT,08/19/2021,"PAYPAL *MYSETV 402-935-7733 CA               08/18",-2.50,DEBIT_CARD,79.37,,
DEBIT,08/18/2021,"DOLLARTRE 2118 W CERMA CHICAGO IL            08/18",-6.52,DEBIT_CARD,81.87,,
DEBIT,08/18/2021,"MCDONALD'S M4684 CHICAGO IL                  08/16",-11.38,DEBIT_CARD,88.39,,
DEBIT,08/18/2021,"MCDONALD'S M4684 CHICAGO IL                  08/16",-20.95,DEBIT_CARD,99.77,,
DEBIT,08/17/2021,"Google 650-2530000 CA                        08/17",-3.30,DEBIT_CARD,120.72,,
DEBIT,08/16/2021,"ATM WITHDRAWAL                       007974  08/161953 W 21",-280.00,ATM,124.02,,
DEBIT,08/16/2021,"Kindle Svcs*2D0GF7OE2 866-321-8851 WA        08/16",-13.98,DEBIT_CARD,404.02,,
DEBIT,08/16/2021,"Amazon Prime*2D43U6V Amzn.com/bill WA        08/15",-6.49,DEBIT_CARD,418.00,,
DEBIT,08/16/2021,"AMZN Mktp US*2D8189C Amzn.com/bill WA        08/16",-16.53,DEBIT_CARD,424.49,,
DEBIT,08/16/2021,"Amazon.com*2D6BD7050 Amzn.com/bill WA        08/15",-33.06,DEBIT_CARD,441.02,,
DEBIT,08/16/2021,"HUMBLEBUNDLE.COM HTTPSWWW.HUMB CA            08/14",-10.00,DEBIT_CARD,474.08,,
DEBIT,08/16/2021,"AMZN Mktp US*2P2487Y Amzn.com/bill WA        08/15",-16.52,DEBIT_CARD,484.08,,
DEBIT,08/16/2021,"HUMBLEBUNDLE.COM HTTPSWWW.HUMB CA            08/15",-9.00,DEBIT_CARD,500.60,,
DEBIT,08/16/2021,"HUMBLEBUNDLE.COM HTTPSWWW.HUMB CA            08/14",-20.06,DEBIT_CARD,509.60,,
DEBIT,08/16/2021,"ATM WITHDRAWAL                       009256  08/141953 W 21",-500.00,ATM,529.66,,
DEBIT,08/16/2021,"SUPERMERC 2101 W CERMA CHICAGO IL            08/14",-3.33,DEBIT_CARD,1029.66,,
DEBIT,08/16/2021,"DOLLARTRE 2118 W CERMA CHICAGO IL            08/14",-4.16,DEBIT_CARD,1032.99,,
DEBIT,08/16/2021,"CARNITAS LA MICHOACANA CHICAGO IL            08/14",-22.13,DEBIT_CARD,1037.15,,
DEBIT,08/16/2021,"PAYPAL *HULU 402-935-7733 CA                 08/14",-2.17,DEBIT_CARD,1059.28,,
DEBIT,08/16/2021,"PIZZA NOVA CHICAGO IL                        08/13",-27.08,DEBIT_CARD,1061.45,,
DEBIT,08/13/2021,"AMZN Mktp US*2P3LO5K Amzn.com/bill WA        08/12",-15.42,DEBIT_CARD,1088.53,,
CREDIT,08/13/2021,"118870 SENECA FO DIR DEP                    PPD ID: 2364227403",1087.86,ACH_CREDIT,1103.95,,
DEBIT,08/12/2021,"7-ELEVEN CHICAGO IL                          08/12",-5.00,DEBIT_CARD,16.09,,
DEBIT,08/11/2021,"AMZN Mktp US*2D9O38N Amzn.com/bill WA        08/11",-6.60,DEBIT_CARD,21.09,,
DEBIT,08/11/2021,"AMZN Mktp US*2D1PW5C Amzn.com/bill WA        08/11",-18.73,DEBIT_CARD,27.69,,
DEBIT,08/11/2021,"AMZN Mktp US*2D1FG2C Amzn.com/bill WA        08/11",-9.91,DEBIT_CARD,46.42,,
DEBIT,08/11/2021,"AMZN Mktp US*2D4FK9N Amzn.com/bill WA        08/11",-15.42,DEBIT_CARD,56.33,,
DEBIT,08/10/2021,"SCOTTS CHEAP FLIGHTS 180-24172688 CO         08/10",-24.00,DEBIT_CARD,71.75,,
DEBIT,08/10/2021,"DOLLARTRE 2118 W CERMA CHICAGO IL            08/10",-5.23,DEBIT_CARD,95.75,,
DEBIT,08/09/2021,"Amazon.com*2P6TX92E0 Amzn.com/bill WA        08/07",-0.29,DEBIT_CARD,100.98,,
DEBIT,08/09/2021,"AMZN Mktp US*2P2RW7R Amzn.com/bill WA        08/07",-14.98,DEBIT_CARD,101.27,,
DEBIT,08/09/2021,"Amazon.com*2P1T82X82 Amzn.com/bill WA        08/07",-14.03,DEBIT_CARD,116.25,,
DEBIT,08/09/2021,"Amazon.com*2P4VR0R31 Amzn.com/bill WA        08/07",-4.99,DEBIT_CARD,130.28,,
DEBIT,08/09/2021,"UNITED FARM WORKERS 213-9234664 CA           08/06",-10.00,DEBIT_CARD,135.27,,
DSLIP,08/09/2021,"REMOTE ONLINE DEPOSIT #          1",100.00,CHECK_DEPOSIT,145.27,1,
DEBIT,08/06/2021,"Subway 47894 177-35231472 IL                 08/05",-22.63,DEBIT_CARD,45.27,,
CREDIT,08/05/2021,"ATM CASH DEPOSIT 08/05 1953 W 21st Place CHICAGO IL",65.00,ATM,67.90,,
DEBIT,08/02/2021,"GOOGLE* Citra Emulator 650-2530000 CA        08/02",-5.50,DEBIT_CARD,2.90,,
DEBIT,08/02/2021,"KRYSTAL AND SAAGAR HTTPSTWITTER. DC          08/01",-10.00,DEBIT_CARD,8.40,,
DEBIT,08/02/2021,"CKO*Patreon* Membershi 833-9728766 CA        08/01",-14.99,DEBIT_CARD,18.40,,
DEBIT,08/02/2021,"FAMILY DOLLAR # CHICAGO IL                   08/01",-3.03,DEBIT_CARD,33.39,,
DEBIT,08/02/2021,"ATM WITHDRAWAL                       009953  08/013101 W CE",-260.00,ATM,36.42,,
DEBIT,08/02/2021,"BP#1037900THACH CHICAGO IL                   08/01",-4.05,DEBIT_CARD,296.42,,
DEBIT,08/02/2021,"HUDSON LINK FOR HIGHE 914-941-0794 NY        07/31",-15.38,DEBIT_CARD,300.47,,
DEBIT,08/02/2021,"WANIKANI JAPANESE LA HTTPSWWW.WANI OR        07/31",-9.00,DEBIT_CARD,315.85,,
DEBIT,08/02/2021,"HUMBLEBUNDLE.COM HTTPSWWW.HUMB CA            07/31",-5.50,DEBIT_CARD,324.85,,
DEBIT,08/02/2021,"AFFINITY NOTTINGHAM                          07/30",-49.99,DEBIT_CARD,330.35,,
DEBIT,08/02/2021,"Google 650-2530000 CA                        07/30",-1.09,DEBIT_CARD,380.34,,
DEBIT,08/02/2021,"Subway 47894 Chicago IL                      07/30",-24.73,DEBIT_CARD,381.43,,
DEBIT,07/30/2021,"BP#1037900THACH CHICAGO IL                   07/30",-3.55,DEBIT_CARD,406.16,,
CREDIT,07/30/2021,"Gary Comer Youth PAYROLL                    PPD ID: 9P12096360",10.00,ACH_CREDIT,409.71,,
CREDIT,07/30/2021,"GENESYS WORKS    PAYROLL                    PPD ID: 1271628710",399.59,ACH_CREDIT,399.71,,
DEBIT,07/26/2021,"COCA COLA CHICAGO CHICAGO IL                 07/24",-1.50,DEBIT_CARD,0.12,,
DEBIT,07/22/2021,"PAYPAL *NGUYENHHIEP S 402-935-7733 CA        07/22",-3.00,DEBIT_CARD,1.62,,
DEBIT,07/22/2021,"PAYPAL *GITHUB INC 402-935-7733 CA           07/22",-5.00,DEBIT_CARD,4.62,,
DEBIT,07/19/2021,"PAYPAL *MYSETV 402-935-7733 CA               07/18",-2.50,DEBIT_CARD,9.62,,
DEBIT,07/19/2021,"PAYPAL *FANATICAL 402-935-7733 CA            07/17",-6.99,DEBIT_CARD,12.12,,
DEBIT,07/19/2021,"PAYPAL *TWITCHINTER 402-935-7733 CA          07/17",-5.44,DEBIT_CARD,19.11,,
DEBIT,07/19/2021,"Steam Purchase 425-9522985 WA                07/19",-5.00,DEBIT_CARD,24.55,,
DEBIT,07/19/2021,"CHICK-FIL-A #03212 CHICAGO IL                07/15",-10.67,DEBIT_CARD,29.55,,
DEBIT,07/16/2021,"ATM WITHDRAWAL                       008010  07/161953 W 21",-140.00,ATM,40.22,,
DEBIT,07/16/2021,"ATM WITHDRAWAL                       008009  07/161953 W 21",-200.00,ATM,180.22,,
DEBIT,07/16/2021,"Amazon.com*2E6TD7ZV0 Amzn.com/bill WA        07/16",-19.62,DEBIT_CARD,380.22,,
DEBIT,07/16/2021,"Amazon Prime*2E2EZ9L Amzn.com/bill WA        07/15",-6.49,DEBIT_CARD,399.84,,
DEBIT,07/16/2021,"VENTRA MOBILE 877-669-8368 IL                07/15",-5.00,DEBIT_CARD,406.33,,
CREDIT,07/15/2021,"GENESYS WORKS    PAYROLL                    PPD ID: 1271628710",319.88,ACH_CREDIT,411.33,,
DEBIT,07/14/2021,"PAYPAL *HULU 402-935-7733 CA                 07/14",-2.17,DEBIT_CARD,91.45,,
CREDIT,07/13/2021,"Offer: Amazon Music",5.00,MISC_CREDIT,93.62,,
DEBIT,07/12/2021,"GOOGLE *YouTube Vide g.co/helppay# CA        07/11",-5.44,DEBIT_CARD,88.62,,
DEBIT,07/12/2021,"PAYPAL *ALIPAYSINGA A 402-935-7733 CA        07/10",-22.49,DEBIT_CARD,94.06,,
DEBIT,07/12/2021,"PAYPAL *ALIPAYSINGA A 402-935-7733 CA        07/10",-18.07,DEBIT_CARD,116.55,,
DEBIT,07/12/2021,"PAYPAL *HASANDPIKER 402-935-7733 CA          07/11",-3.00,DEBIT_CARD,134.62,,
DEBIT,07/12/2021,"PAYPAL *ZENNIOPTICL 402-935-7733 CA          07/10",-60.70,DEBIT_CARD,137.62,,
DEBIT,07/12/2021,"FAMILY DOLLAR # CHICAGO IL                   07/10",-4.41,DEBIT_CARD,198.32,,
DEBIT,07/12/2021,"CKO*Patreon* Membershi 833-9728766 CA        07/09",-2.00,DEBIT_CARD,202.73,,
DEBIT,07/12/2021,"SHOWPLACE ICON THTR  81 CHICAGO IL           07/09",-23.00,DEBIT_CARD,204.73,,
DEBIT,07/12/2021,"VENTRA MOBILE 877-669-8368 IL                07/09",-5.00,DEBIT_CARD,227.73,,
DEBIT,07/09/2021,"AMZN Mktp US*2E85J7C Amzn.com/bill WA        07/09",-21.49,DEBIT_CARD,232.73,,
DEBIT,07/08/2021,"DOLLARTRE 2118 W CERMA CHICAGO IL            07/08",-15.74,DEBIT_CARD,254.22,,
DEBIT,07/08/2021,"VENTRA MOBILE 877-669-8368 IL                07/07",-5.00,DEBIT_CARD,269.96,,
DEBIT,07/08/2021,"GOOGLE* Candywriter 650-2530000 CA           07/08",-5.50,DEBIT_CARD,274.96,,
DEBIT,07/08/2021,"PAYPAL *UNICEF USA UN 402-935-7733 NY        07/07",-16.00,DEBIT_CARD,280.46,,
DEBIT,07/06/2021,"PAYPAL *NY TIMES NYTI 402-935-7733 NY        07/05",-4.00,DEBIT_CARD,296.46,,
DEBIT,07/06/2021,"PIZZA NOVA CHICAGO IL                        07/04",-24.90,DEBIT_CARD,300.46,,
DEBIT,07/06/2021,"PAYPAL *STRONGTOWNS S 402-935-7733 CA        07/04",-11.00,DEBIT_CARD,325.36,,
DEBIT,07/06/2021,"VENTRA MOBILE 877-669-8368 IL                07/03",-5.00,DEBIT_CARD,336.36,,
DEBIT,07/06/2021,"FAMILY DOLLAR # CHICAGO IL                   07/03",-4.17,DEBIT_CARD,341.36,,
DEBIT,07/06/2021,"AMZN Mktp US*2965V9Z Amzn.com/bill WA        07/03",-8.65,DEBIT_CARD,345.53,,
DEBIT,07/06/2021,"ATM WITHDRAWAL                       005348  07/031953 W 21",-500.00,ATM,354.18,,
DEBIT,07/06/2021,"Amazon Music*2954748B 888-802-3080 WA        07/02",-8.71,DEBIT_CARD,854.18,,
DEBIT,07/02/2021,"PIZZA NOVA CHICAGO IL                        07/01",-25.97,DEBIT_CARD,862.89,,
DEBIT,07/02/2021,"KRYSTAL AND SAAGAR HTTPSTWITTER. DC          07/01",-10.00,DEBIT_CARD,888.86,,
DEBIT,07/02/2021,"CKO*Patreon* Membershi 833-9728766 CA        07/01",-12.99,DEBIT_CARD,898.86,,
DEBIT,07/01/2021,"SCALAWAG HTTPSWWW.SCAL NC                    07/01",-10.00,DEBIT_CARD,911.85,,
DEBIT,06/30/2021,"PAYPAL *GREATERCHIC 402-935-7733 CA          06/30",-10.59,DEBIT_CARD,921.85,,
DEBIT,06/30/2021,"HUMBLEBUNDLE.COM HTTPSWWW.HUMB CA            06/29",-5.50,DEBIT_CARD,932.44,,
DEBIT,06/30/2021,"PIZZA NOVA CHICAGO IL                        06/29",-14.56,DEBIT_CARD,937.94,,
DEBIT,06/30/2021,"WANIKANI JAPANESE LA HTTPSWWW.WANI OR        06/29",-9.00,DEBIT_CARD,952.50,,
CREDIT,06/30/2021,"GENESYS WORKS    PAYROLL                    PPD ID: 1271628710",379.46,ACH_CREDIT,961.50,,
DEBIT,06/29/2021,"Google Payment Corp Pe 650-2530000 CA        06/29",-3.85,DEBIT_CARD,582.04,,
DEBIT,06/29/2021,"PP*APPLE.COM/BILL 402-935-7733 CA            06/28",-10.89,DEBIT_CARD,585.89,,
DEBIT,06/28/2021,"PIZZA NOVA CHICAGO IL                        06/27",-4.98,DEBIT_CARD,596.78,,
DEBIT,06/28/2021,"PAYPAL *PABLOVE PABLO 402-935-7733 CA        06/28",-10.00,DEBIT_CARD,601.76,,
DEBIT,06/28/2021,"PAYPAL *HEALTHCAREF H 402-935-7733 CA        06/27",-10.00,DEBIT_CARD,611.76,,
DEBIT,06/28/2021,"PAYPAL *CRYPTO HUB 4029357733 CA             06/25",-10.50,DEBIT_CARD,621.76,,
DEBIT,06/28/2021,"GOOGLE *Ninja Kiwi g.co/helppay# CA          06/25",-5.50,DEBIT_CARD,632.26,,
DEBIT,06/28/2021,"GOOGLE *Ninja Kiwi g.co/helppay# CA          06/25",-4.40,DEBIT_CARD,637.76,,
DEBIT,06/28/2021,"GOOGLE* Ninja Kiwi 650-2530000 CA            06/25",-5.50,DEBIT_CARD,642.16,,
DEBIT,06/25/2021,"PAYPAL *FLUENTFOREV 402-935-7733 CA          06/24",-0.50,DEBIT_CARD,647.66,,
DEBIT,06/24/2021,"GOOGLE *Voki g.co/helppay# CA                06/23",-5.50,DEBIT_CARD,648.16,,
DEBIT,06/23/2021,"FAMILY DOLLAR # CHICAGO IL                   06/23 Purchase $12.70 Cash Back $10.00",-22.70,DEBIT_CARD,653.66,,
DEBIT,06/23/2021,"GOOGLE*YOUTUBE MEMBER 650-2530000 CA         06/22",-5.44,DEBIT_CARD,676.36,,
DEBIT,06/22/2021,"PAYPAL *GITHUB INC 402-935-7733 CA           06/21",-5.00,DEBIT_CARD,681.80,,
DEBIT,06/21/2021,"MCDONALD'S M4679 OF IL CHICAGO IL            06/19",-13.47,DEBIT_CARD,686.80,,
DEBIT,06/21/2021,"GOOGLE *Color Switch 855-836-3987 CA         06/19",-8.81,DEBIT_CARD,700.27,,
DEBIT,06/21/2021,"PAYPAL *ALIPAYSINGA A 402-935-7733 CA        06/19",-4.37,DEBIT_CARD,709.08,,
DEBIT,06/21/2021,"PAYPAL *ALIPAYSINGA A 402-935-7733 CA        06/19",-5.02,DEBIT_CARD,713.45,,
DEBIT,06/21/2021,"GUERREROS PIZZA CHICAGO IL                   06/19",-9.00,DEBIT_CARD,718.47,,
DEBIT,06/21/2021,"CKO*Patreon* Membershi 833-9728766 CA        06/18",-3.27,DEBIT_CARD,727.47,,
DEBIT,06/21/2021,"Subway 51568 Chicago IL                      06/18",-19.52,DEBIT_CARD,730.74,,
DEBIT,06/21/2021,"PAYPAL *MYSETV 402-935-7733 CA               06/18",-2.50,DEBIT_CARD,750.26,,
DEBIT,06/18/2021,"J & J FRUIT MARKET, IN CHICAGO IL            06/17",-8.92,DEBIT_CARD,752.76,,
DEBIT,06/18/2021,"Amazon Prime*210NN2L Amzn.com/bill WA        06/17",-6.49,DEBIT_CARD,761.68,,
DEBIT,06/18/2021,"GUERREROS PIZZA CHICAGO IL                   06/17",-9.00,DEBIT_CARD,768.17,,
DEBIT,06/17/2021,"PAYPAL *DIGITALRIVE C 402-935-7733 CA        06/16",-25.00,DEBIT_CARD,777.17,,
DEBIT,06/17/2021,"PAYPAL *ALIPAYSINGA A 402-935-7733 CA        06/16",-3.16,DEBIT_CARD,802.17,,
DEBIT,06/17/2021,"PAYPAL *TWITCHINTER 402-935-7733 CA          06/17",-5.44,DEBIT_CARD,805.33,,
DEBIT,06/17/2021,"9640 AMC ONLINE 888-440-4262 KS              06/17",-10.00,DEBIT_CARD,810.77,,
DEBIT,06/16/2021,"PAYPAL *JOKE CORP 402-935-7733 CA            06/15",-11.25,DEBIT_CARD,820.77,,
DEBIT,06/16/2021,"PAYPAL *ALIPAYSINGA A 402-935-7733 CA        06/15",-10.54,DEBIT_CARD,832.02,,
DEBIT,06/16/2021,"PAYPAL *ALIPAYSINGA A 402-935-7733 CA        06/15",-31.75,DEBIT_CARD,842.56,,
DEBIT,06/15/2021,"PAYPAL *HULU 402-935-7733 CA                 06/15",-2.17,DEBIT_CARD,874.31,,
CREDIT,06/15/2021,"GENESYS WORKS    PAYROLL                    PPD ID: 1271628710",374.05,ACH_CREDIT,876.48,,
CREDIT,06/15/2021,"PLUS RELOCATION  PY06/14/21                 PPD ID: 1411309201",500.00,ACH_CREDIT,502.43,,
DEBIT,06/14/2021,"VENTRA ACCOUNT CHICAGO IL                    06/11",-2.50,DEBIT_CARD,2.43,,
DEBIT,06/09/2021,"XSOLLA *ROBLOX H.XSOLLA.COM CA               06/08",-9.99,DEBIT_CARD,4.93,,
DEBIT,06/07/2021,"PAYPAL *ITCH IO 402-935-7733 CA              06/06",-5.00,DEBIT_CARD,14.92,,
DEBIT,06/07/2021,"CKO*Patreon* Membershi 833-9728766 CA        06/05",-1.09,DEBIT_CARD,19.92,,
DEBIT,06/07/2021,"GOOGLE *ACME AtronOma 855-836-3987 CA        06/05",-1.59,DEBIT_CARD,21.01,,
DEBIT,06/07/2021,"FAMILY DOLLAR # CHICAGO IL                   06/05",-13.10,DEBIT_CARD,22.60,,
DEBIT,06/07/2021,"PAYPAL *LCASILLAS993 402-935-7733 CA         06/05",-15.74,DEBIT_CARD,35.70,,
DEBIT,06/07/2021,"Subway 33320 Chicago IL                      06/05",-6.97,DEBIT_CARD,51.44,,
DEBIT,06/07/2021,"Kindle Svcs*2R2J12WF2 866-321-8851 WA        06/04",-2.99,DEBIT_CARD,58.41,,
DEBIT,06/04/2021,"DEPAUL UNIVERSITY c.browning@de IL           06/03",-200.00,DEBIT_CARD,61.40,,
DEBIT,06/04/2021,"AMZN Mktp US*2X8575O Amzn.com/bill WA        06/03",-7.32,DEBIT_CARD,261.40,,
DEBIT,06/04/2021,"AMZN Mktp US*2X6G40G Amzn.com/bill WA        06/03",-33.06,DEBIT_CARD,268.72,,
DEBIT,06/03/2021,"Amazon Prime*2R8NT0Y Amzn.com/bill WA        06/03",-0.99,DEBIT_CARD,301.78,,
DEBIT,06/02/2021,"KRYSTAL AND SAAGAR HTTPSTWITTER. DC          06/01",-10.00,DEBIT_CARD,302.77,,
DEBIT,06/02/2021,"PAYPAL *APPSUMO 402-935-7733 TX              06/01",-4.00,DEBIT_CARD,312.77,,
DEBIT,06/02/2021,"CKO*Patreon* Membershi 833-9728766 CA        06/01",-17.63,DEBIT_CARD,316.77,,
DEBIT,06/01/2021,"SP * THE ONION STORE HTTPSTHEONION NJ        05/31",-11.30,DEBIT_CARD,334.40,,
DEBIT,06/01/2021,"PAYPAL *PROGINOSKO 402-935-7733 CA           06/01",-10.59,DEBIT_CARD,345.70,,
DEBIT,06/01/2021,"PIZZA NOVA CHICAGO IL                        05/31",-18.00,DEBIT_CARD,356.29,,
DEBIT,06/01/2021,"Amazon.com*2X3MJ13J1 Amzn.com/bill WA        05/31",-46.31,DEBIT_CARD,374.29,,
DEBIT,06/01/2021,"WANIKANI JAPANESE LA HTTPSWWW.WANI OR        05/29",-9.00,DEBIT_CARD,420.60,,
DEBIT,06/01/2021,"SUPERMERC 2101 W CERMA CHICAGO IL            05/29",-3.58,DEBIT_CARD,429.60,,
DEBIT,06/01/2021,"DOLLARTRE 2118 W CERMA CHICAGO IL            05/29",-3.31,DEBIT_CARD,433.18,,
DEBIT,06/01/2021,"KRYSTAL KYLE & FRIEN HTTPSKRYSTALK DC        05/28",-5.00,DEBIT_CARD,436.49,,
CREDIT,05/28/2021,"GENESYS WORKS    PAYROLL                    PPD ID: 1271628710",411.97,ACH_CREDIT,441.49,,
DEBIT,05/27/2021,"VENTRA MOBILE 877-669-8368 IL                05/26",-5.00,DEBIT_CARD,29.52,,
DEBIT,05/25/2021,"PAYPAL *FLUENTFOREV 402-935-7733 CA          05/24",-0.50,DEBIT_CARD,34.52,,
DEBIT,05/25/2021,"GOOGLE*YOUTUBE SUPER SUPPORT.GOOGL CA        05/24",-5.00,DEBIT_CARD,35.02,,
DEBIT,05/24/2021,"ATM WITHDRAWAL                       005810  05/231953 W 21",-60.00,ATM,40.02,,
DEBIT,05/24/2021,"Subway 47894 Chicago IL                      05/22",-22.84,DEBIT_CARD,100.02,,
DEBIT,05/24/2021,"PAYPAL *ABSBOARDCO 402-935-7733 CA           05/22",-86.00,DEBIT_CARD,122.86,,
DEBIT,05/24/2021,"AMZN Mktp US*2R2T455 Amzn.com/bill WA        05/22",-9.91,DEBIT_CARD,208.86,,
DEBIT,05/24/2021,"PAYPAL *GITHUB INC 402-935-7733 CA           05/21",-5.00,DEBIT_CARD,218.77,,
DEBIT,05/24/2021,"AMZN Mktp US Amzn.com/bill WA                05/22",10.49,DEBIT_CARD,223.77,,
DEBIT,05/21/2021,"FUNDRAZR VANCOUVER BC                        05/20",-1.00,DEBIT_CARD,213.28,,
DEBIT,05/20/2021,"STAND WITH TILLIE HTTPST.MESTAN NJ           05/20",-10.00,DEBIT_CARD,214.28,,
DEBIT,05/20/2021,"AMZN Mktp US*2L4305Y Amzn.com/bill WA        05/19",-15.69,DEBIT_CARD,224.28,,
DEBIT,05/19/2021,"AMZN Mktp US*2R3DP4E Amzn.com/bill WA        05/19",-46.31,DEBIT_CARD,239.97,,
DEBIT,05/19/2021,"FAMILY DOLLAR #5834 CHICAGO IL               05/18",-7.40,DEBIT_CARD,286.28,,
DEBIT,05/19/2021,"PAYPAL *MYSETV 402-935-7733 CA               05/18",-2.50,DEBIT_CARD,293.68,,
DEBIT,05/19/2021,"GG *FRIENDS OF WHITNEY 503-5970395 IL        05/17",-26.00,DEBIT_CARD,296.18,,
DEBIT,05/18/2021,"WBEZ / CHI PUB MEDIA WBEZ.ORG IL             05/17",-15.00,DEBIT_CARD,322.18,,
DEBIT,05/17/2021,"PAYPAL *TWITCHINTER 402-935-7733 CA          05/17",-5.44,DEBIT_CARD,337.18,,
DEBIT,05/17/2021,"PAYPAL *ANERA 402-935-7733 DC                05/15",-10.00,DEBIT_CARD,342.62,,
DEBIT,05/17/2021,"PAYPAL *PCRF 402-935-7733 OH                 05/15",-15.00,DEBIT_CARD,352.62,,
DEBIT,05/17/2021,"PAYPAL *ARMANDOLEMM S 402-935-7733 CA        05/15",-2.50,DEBIT_CARD,367.62,,
DEBIT,05/17/2021,"PAYPAL *KINGUINDIGI 402-935-7733 CA          05/14",-4.95,DEBIT_CARD,370.12,,
DEBIT,05/17/2021,"PAYPAL *KINGUINDIGI 402-935-7733 CA          05/14",-9.43,DEBIT_CARD,375.07,,
DEBIT,05/17/2021,"HUMBLEBUNDLE.COM HTTPSWWW.HUMB CA            05/14",-23.80,DEBIT_CARD,384.50,,
DEBIT,05/17/2021,"HUMBLEBUNDLE.COM HTTPSWWW.HUMB CA            05/14",-5.50,DEBIT_CARD,408.30,,
DEBIT,05/17/2021,"HUMBLEBUNDLE.COM HTTPSWWW.HUMB CA            05/14",-20.00,DEBIT_CARD,413.80,,
DEBIT,05/14/2021,"Microsoft*Store 800-6427676 WA               05/14",-1.10,DEBIT_CARD,433.80,,
CREDIT,05/14/2021,"GENESYS WORKS    PAYROLL                    PPD ID: 1271628710",428.23,ACH_CREDIT,434.90,,
DEBIT,05/13/2021,"GOOGLE *XINDONG 855-836-3987 CA              05/12",-3.30,DEBIT_CARD,6.67,,
DEBIT,05/11/2021,"FAMILY DOLLAR # CHICAGO IL                   05/11",-8.58,DEBIT_CARD,9.97,,
DEBIT,05/11/2021,"GUERREROS PIZZA CHICAGO IL                   05/10",-6.00,DEBIT_CARD,18.55,,
DEBIT,05/11/2021,"PAYPAL *DOMINO'S 9166 402-935-7733 NE        05/10",-16.00,DEBIT_CARD,24.55,,
DEBIT,05/10/2021,"Ventra    2009 S. Hoyn Chicago IL            05/10",-5.00,DEBIT_CARD,40.55,,
DEBIT,05/10/2021,"LA CENTRAL BAKERY CHICAGO IL                 05/09",-8.00,DEBIT_CARD,45.55,,
DEBIT,05/10/2021,"Subway 51568 Chicago IL                      05/10",-5.75,DEBIT_CARD,53.55,,
DEBIT,05/10/2021,"FAMILY DOLLAR # CHICAGO IL                   05/09",-13.30,DEBIT_CARD,59.30,,
DEBIT,05/05/2021,"FAMILY DOLLAR #5834 CHICAGO IL               05/04",-9.00,DEBIT_CARD,72.60,,
DEBIT,05/04/2021,"Amazon.com Amzn.com/bill WA                  05/03",6.60,DEBIT_CARD,81.60,,
DEBIT,05/03/2021,"PAYPAL *FACEBOOKTEC O 402-935-7733 CA        05/03",-31.86,DEBIT_CARD,75.00,,
DEBIT,05/03/2021,"ROUND1 AM - NRS, IL NOR RIVERSIDE IL         05/01",-10.50,DEBIT_CARD,106.86,,
DEBIT,05/03/2021,"ROUND1 AM - NRS, IL NOR RIVERSIDE IL         05/01",-10.50,DEBIT_CARD,117.36,,
DEBIT,05/03/2021,"CKO*Patreon* Membershi 833-9728766 CA        05/01",-10.00,DEBIT_CARD,127.86,,
DEBIT,05/03/2021,"WANIKANI JAPANESE LA HTTPSWWW.WANI OR        05/01",-9.00,DEBIT_CARD,137.86,,
DEBIT,05/03/2021,"Amazon.com*UI4F85Y13 Amzn.com/bill WA        05/01",-6.60,DEBIT_CARD,146.86,,
DEBIT,05/03/2021,"Subway 47894 Chicago IL                      04/30",-10.60,DEBIT_CARD,153.46,,
DEBIT,05/03/2021,"Netflix.com 866-5797172 CA                   04/30",-15.25,DEBIT_CARD,164.06,,
DEBIT,04/30/2021,"ATM WITHDRAWAL                       002824  04/301953 W 21",-240.00,ATM,179.31,,
DEBIT,04/30/2021,"HELP.HBOMAX.COM HTTPSHBOMAX.C NY             04/30",-16.34,DEBIT_CARD,419.31,,
CREDIT,04/30/2021,"GENESYS WORKS    PAYROLL                    PPD ID: 1271628710",433.65,ACH_CREDIT,435.65,,
DEBIT,04/19/2021,"PAYPAL *MYSETV 402-935-7733 CA               04/18",-2.50,DEBIT_CARD,2.00,,
DEBIT,04/19/2021,"GOOGLE *Pay g.co/walleth# CA                 04/17",-50.00,DEBIT_CARD,4.50,,
DEBIT,04/19/2021,"ATM WITHDRAWAL                       003591  04/171953 W 21",-60.00,ATM,54.50,,
DEBIT,04/19/2021,"GOOGLE* Donations NfG 650-2530000 CA         04/16",-15.00,DEBIT_CARD,114.50,,
DEBIT,04/19/2021,"PAYPAL *DOMINO'S 9166 402-935-7733 NE        04/19",-23.15,DEBIT_CARD,129.50,,
DEBIT,04/19/2021,"GOOGLE*DEV47APPS SUPPORT.GOOGL CA            04/16",-6.05,DEBIT_CARD,152.65,,
DEBIT,04/19/2021,"STEAMGAMES.COM 4259522 425-8899642 WA        04/17",-10.71,DEBIT_CARD,158.70,,
DEBIT,04/16/2021,"Subway 47894 Chicago IL                      04/16",-10.15,DEBIT_CARD,169.41,,
DEBIT,04/16/2021,"LA ADELITA INC CHICAGO IL                    04/15",-9.85,DEBIT_CARD,179.56,,
DEBIT,04/16/2021,"PAYPAL *SYMBOLAB 4029357733                  04/15",-1.99,DEBIT_CARD,189.41,,
DEBIT,04/15/2021,"ATM WITHDRAWAL                       002477  04/151953 W 21",-400.00,ATM,191.40,,
CREDIT,04/15/2021,"GENESYS WORKS    PAYROLL                    PPD ID: 1271628710",590.15,ACH_CREDIT,591.40,,
DEBIT,04/12/2021,"PAYPAL *MATHWAY 402-935-7733 PA              04/11",-10.94,DEBIT_CARD,1.25,,
DEBIT,04/12/2021,"Amazon.com*X76U75YB3 Amzn.com/bill WA        04/09",-7.59,DEBIT_CARD,12.19,,
DEBIT,04/12/2021,"PAYPAL *SYMBOLAB 4029357733                  04/08",-1.99,DEBIT_CARD,19.78,,
DEBIT,04/08/2021,"CKO*Patreon* Membershi 833-9728766 CA        04/07",-10.00,DEBIT_CARD,21.77,,
DEBIT,04/06/2021,"PP*APPLE.COM/BILL 402-935-7733 CA            04/05",-1.29,DEBIT_CARD,31.77,,
DEBIT,04/06/2021,"AMZN Mktp US*1D4AW8A Amzn.com/bill WA        04/05",-23.14,DEBIT_CARD,33.06,,
DEBIT,04/05/2021,"AMZN Mktp US*UF5VS4F Amzn.com/bill WA        04/03",-6.22,DEBIT_CARD,56.20,,
DEBIT,04/02/2021,"FAMILY DOLLAR # CHICAGO IL                   04/02 Purchase $12.26 Cash Back $10.00",-22.26,DEBIT_CARD,62.42,,
DEBIT,04/02/2021,"INDIEGOGO* USING PRO HTTPSWWW.INDI CA        04/01",-10.00,DEBIT_CARD,84.68,,
DEBIT,04/02/2021,"ISU ONLINE PAYMENTS HTTPS:ILLINOI IL         03/31",-50.00,DEBIT_CARD,94.68,,
DEBIT,04/02/2021,"PAYPAL *BLENDER 35314369001                  03/31",-11.50,DEBIT_CARD,144.68,,
DEBIT,04/01/2021,"ATM WITHDRAWAL                       002050  04/011953 W 21",-300.00,ATM,156.18,,
DEBIT,04/01/2021,"Netflix.com 408-5403700 CA                   03/31",-15.25,DEBIT_CARD,456.18,,
DEBIT,03/31/2021,"AMZN Mktp US*Y66X134 Amzn.com/bill WA        03/30",-17.62,DEBIT_CARD,471.43,,
CREDIT,03/31/2021,"GENESYS WORKS    PAYROLL                    PPD ID: 1271628710",471.38,ACH_CREDIT,489.05,,
DEBIT,03/30/2021,"WANIKANI JAPANESE LA HTTPSWWW.WANI OR        03/29",-9.00,DEBIT_CARD,17.67,,
DEBIT,03/29/2021,"AMZN Mktp US*SW64J27 Amzn.com/bill WA        03/28",-16.07,DEBIT_CARD,26.67,,
DEBIT,03/29/2021,"Amazon.com*ME4JA2OL3 Amzn.com/bill WA        03/28",-11.03,DEBIT_CARD,42.74,,
DEBIT,03/29/2021,"Subway 47894 Chicago IL                      03/27",-13.02,DEBIT_CARD,53.77,,
DEBIT,03/29/2021,"WALGREENS #1417 CHICAGO IL                   03/26",-7.07,DEBIT_CARD,66.79,,
DEBIT,03/29/2021,"AMZN Mktp US*7201A8J Amzn.com/bill WA        03/28",-13.80,DEBIT_CARD,73.86,,
DEBIT,03/26/2021,"DUNKIN #352950 Q35 CHICAGO IL                03/25",-6.56,DEBIT_CARD,87.66,,
DEBIT,03/26/2021,"FAMILY DOLLAR #5834 CHICAGO IL               03/25",-4.02,DEBIT_CARD,94.22,,
DEBIT,03/24/2021,"ATM WITHDRAWAL                       005915  03/241953 W 21",-200.00,ATM,98.24,,
DEBIT,03/23/2021,"LA ADELITA INC CHICAGO IL                    03/23",-5.62,DEBIT_CARD,298.24,,
DEBIT,03/22/2021,"PAYPAL *SUPERMEMO 35314369001                03/21",-9.90,DEBIT_CARD,303.86,,
DEBIT,03/22/2021,"GOOGLE *YouTube Supe g.co/helppay# CA        03/21",-10.00,DEBIT_CARD,313.76,,
DEBIT,03/22/2021,"PIZZA NOVA CHICAGO IL                        03/20",-4.98,DEBIT_CARD,323.76,,
DEBIT,03/19/2021,"DOMINO'S 9166 562-630-0005 IL                03/18",-25.24,DEBIT_CARD,328.74,,
DEBIT,03/19/2021,"PAYPAL *MYSETV 402-935-7733 CA               03/18",-2.50,DEBIT_CARD,353.98,,
DEBIT,03/18/2021,"DOMINO'S 9166 562-630-0005 IL                03/17",-24.35,DEBIT_CARD,356.48,,
DEBIT,03/17/2021,"PAYPAL *LINSONGCHEN E 402-935-7733 CA        03/17",-14.21,DEBIT_CARD,380.83,,
DEBIT,03/15/2021,"Amazon.com*5L3RW63I3 Amzn.com/bill WA        03/15",-4.99,DEBIT_CARD,395.04,,
DEBIT,03/15/2021,"AMZN Mktp US*371MF5B Amzn.com/bill WA        03/15",-13.22,DEBIT_CARD,400.03,,
DEBIT,03/15/2021,"PAYPAL *MYNOISE 35314369001                  03/12",-5.00,DEBIT_CARD,413.25,,
CREDIT,03/15/2021,"GENESYS WORKS    PAYROLL                    PPD ID: 1271628710",406.56,ACH_CREDIT,418.25,,
DEBIT,03/12/2021,"FAMILY DOLLAR # CHICAGO IL                   03/12 Purchase $19.83 Cash Back $25.00",-44.83,DEBIT_CARD,11.69,,
DEBIT,03/12/2021,"PAYPAL *MATHWAY 402-935-7733 PA              03/11",-10.94,DEBIT_CARD,56.52,,
DEBIT,03/11/2021,"AMZN Mktp US*0P5FZ1F Amzn.com/bill WA        03/11",-22.04,DEBIT_CARD,67.46,,
DEBIT,03/08/2021,"GOOGLE *Wolfram Alpha 855-836-3987 CA        03/07",-3.30,DEBIT_CARD,89.50,,
DEBIT,03/08/2021,"ASPCA WEB DONATION 800-628-0028 NY           03/07",-15.00,DEBIT_CARD,92.80,,
DEBIT,03/08/2021,"Amazon.com*Q572V39J3 Amzn.com/bill WA        03/05",-4.97,DEBIT_CARD,107.80,,
DEBIT,03/08/2021,"Amazon.com*OH16K2HH3 Amzn.com/bill WA        03/05",-29.62,DEBIT_CARD,112.77,,
DEBIT,03/05/2021,"OBSIDIAN.MD OAKVILLE ON                      03/04",88.00,DEBIT_CARD,142.39,,
DEBIT,03/03/2021,"ATM WITHDRAWAL                       009004  03/031953 W 21",-120.00,ATM,54.39,,
DEBIT,03/03/2021,"STUDY TOGETHER! DRONTEN                      03/03",-5.50,DEBIT_CARD,174.39,,
DEBIT,03/03/2021,"PAYPAL *NAMECHEAP 402-935-7733 AZ            03/02",-17.16,DEBIT_CARD,179.89,,
DEBIT,03/02/2021,"DOLLARTRE 2118 W CERMA CHICAGO IL            03/02",-11.40,DEBIT_CARD,197.05,,
DEBIT,03/02/2021,"PAYPAL *ANTHONYKAP SH 402-935-7733 CA        03/02",-4.99,DEBIT_CARD,208.45,,
DEBIT,03/02/2021,"PAYPAL *BLENDER 35314369001                  02/28",-11.50,DEBIT_CARD,213.44,,
DEBIT,03/01/2021,"DOLLARTRE 2118 W CERMA CHICAGO IL            03/01",-16.58,DEBIT_CARD,224.94,,
DEBIT,03/01/2021,"ATM WITHDRAWAL                       008626  03/011953 W 21",-400.00,ATM,241.52,,
DEBIT,03/01/2021,"NETFLIX.COM NETFLIX.COM CA                   02/28",-15.25,DEBIT_CARD,641.52,,
DEBIT,03/01/2021,"WANIKANI JAPANESE LA HTTPSWWW.WANI OR        02/28",-9.00,DEBIT_CARD,656.77,,
DEBIT,03/01/2021,"PAYPAL *KHANILIIRENE 402-935-7733 CA         02/28",-16.73,DEBIT_CARD,665.77,,
DEBIT,02/26/2021,"FAMILY DOLLAR #5834 CHICAGO IL               02/25",-11.69,DEBIT_CARD,682.50,,
CREDIT,02/26/2021,"GENESYS WORKS    PAYROLL                    PPD ID: 1271628710",485.64,ACH_CREDIT,694.19,,
DEBIT,02/25/2021,"PAYPAL *PIMSLEURSUB 402-935-7733 NJ          02/24",-19.95,DEBIT_CARD,208.55,,
DEBIT,02/24/2021,"AMZN Mktp US*WF12T2L Amzn.com/bill WA        02/24",-7.61,DEBIT_CARD,228.50,,
DEBIT,02/23/2021,"PAYPAL *GITHUB INC 402-935-7733 CA           02/22",-5.00,DEBIT_CARD,236.11,,
DEBIT,02/22/2021,"PAYPAL *SUPERMEMO 35314369001                02/21",-9.90,DEBIT_CARD,241.11,,
DEBIT,02/19/2021,"PAYPAL *MYSETV 402-935-7733 CA               02/18",-2.50,DEBIT_CARD,251.01,,
DEBIT,02/17/2021,"Amazon.com*442YI9233 Amzn.com/bill WA        02/17",-5.00,DEBIT_CARD,253.51,,
DEBIT,02/16/2021,"DIVJOY HTTPSDIVJOY.C OR                      02/14",-99.00,DEBIT_CARD,258.51,,
DEBIT,02/16/2021,"Audible*4I3HJ5KH3 Amzn.com/bill NJ           02/13",-14.95,DEBIT_CARD,357.51,,
DEBIT,02/12/2021,"PAYPAL *JIANUODAMAO EB 4029357733            02/10",-10.04,DEBIT_CARD,372.46,,
CREDIT,02/12/2021,"GENESYS WORKS    PAYROLL                    PPD ID: 1271628710",359.96,ACH_CREDIT,382.50,,
DEBIT,02/12/2021,"PAYPAL *JIANUODAMAO EB 4029357733            02/11",10.04,DEBIT_CARD,22.54,,
DEBIT,02/11/2021,"PAYPAL *JIANUODAMAO E 402-935-7733 CA        02/10",-8.42,DEBIT_CARD,12.50,,
DEBIT,02/10/2021,"FOREIGN EXCHANGE RATE ADJUSTMENT FEE         02/10GFM*GOFUN",-0.13,FEE_TRANSACTION,20.92,,
DEBIT,02/10/2021,"GFM*GOFUNDME AUSTRALIA Sydney                02/10 AU Dollar  6.00 X 0.7750000 (EXCHG RTE)",-4.65,DEBIT_CARD,21.05,,
DEBIT,02/09/2021,"PAYPAL *MAXAPPOLO50 402-935-7733 CA          02/08",-4.00,DEBIT_CARD,25.70,,
DEBIT,02/05/2021,"AMZN Mktp US Amzn.com/bill WA                02/04",7.77,DEBIT_CARD,29.70,,
DEBIT,02/04/2021,"SHPE 323-7253970 CA                          02/03",-5.00,DEBIT_CARD,21.93,,
DEBIT,02/04/2021,"OBSIDIAN.MD OAKVILLE ON                      02/04",-96.00,DEBIT_CARD,26.93,,
DEBIT,02/04/2021,"AMZN Mktp US*FW80I8H Amzn.com/bill WA        02/03",-18.06,DEBIT_CARD,122.93,,
DEBIT,02/03/2021,"METROPCS WEB 888-863-8768 WA                 02/03",-35.00,DEBIT_CARD,140.99,,
DEBIT,02/02/2021,"CA UW MADISON 800-239-4211 VA                02/02",-60.00,DEBIT_CARD,175.99,,
DEBIT,02/02/2021,"Amazon.com*6E1L37RY3 Amzn.com/bill WA        02/01",-10.10,DEBIT_CARD,235.99,,
DEBIT,02/01/2021,"WANIKANI JAPANESE LA HTTPSWWW.WANI OR        01/29",-9.00,DEBIT_CARD,246.09,,
DEBIT,02/01/2021,"AMZN Mktp US*O41GQ06 Amzn.com/bill WA        02/01",-15.42,DEBIT_CARD,255.09,,
DEBIT,02/01/2021,"AMZN Mktp US*PS8UY18 Amzn.com/bill WA        02/01",-7.71,DEBIT_CARD,270.51,,
DEBIT,02/01/2021,"INDIEGOGO* NASDAQ YO HTTPSWWW.INDI CA        01/31",-10.00,DEBIT_CARD,278.22,,
DEBIT,02/01/2021,"PAYPAL *ETRONICSWOR S 402-935-7733 NJ        01/31",-241.45,DEBIT_CARD,288.22,,
DEBIT,02/01/2021,"DUNKIN #352950 Q35 CHICAGO IL                01/30",-1.66,DEBIT_CARD,529.67,,
DEBIT,02/01/2021,"FAMILY DOLLAR #5834 CHICAGO IL               01/30",-12.27,DEBIT_CARD,531.33,,
DEBIT,02/01/2021,"VAGON INC HTTPSWWW.VAGO CA                   01/30",-0.99,DEBIT_CARD,543.60,,
DEBIT,02/01/2021,"PAYPAL *BLENDER 35314369001                  01/30",-11.50,DEBIT_CARD,544.59,,
DEBIT,02/01/2021,"Subway 47894 Chicago IL                      01/30",-18.54,DEBIT_CARD,556.09,,
DEBIT,01/29/2021,"NETFLIX.COM NETFLIX.COM CA                   01/29",-15.25,DEBIT_CARD,574.63,,
CREDIT,01/29/2021,"GENESYS WORKS    PAYROLL                    PPD ID: 1271628710",497.79,ACH_CREDIT,589.88,,
DEBIT,01/27/2021,"PAYPAL *REDDIT GOLD 415-494-8016 CA          01/27",-9.99,DEBIT_CARD,92.09,,
DEBIT,01/26/2021,"VENTRA ACCOUNT CHICAGO IL                    01/25",-5.00,DEBIT_CARD,102.08,,
DEBIT,01/25/2021,"AMERICAN SCIENCE & SURP CHICAGO IL           01/24",-22.98,DEBIT_CARD,107.08,,
DEBIT,01/25/2021,"BIGSCREEN VR HTTPSWWW.BIGS CA                01/23",-3.99,DEBIT_CARD,130.06,,
DEBIT,01/25/2021,"VENTRA ACCOUNT CHICAGO IL                    01/22",-2.50,DEBIT_CARD,134.05,,
DEBIT,01/25/2021,"VENTRA ACCOUNT CHICAGO IL                    01/22",-0.25,DEBIT_CARD,136.55,,
DEBIT,01/25/2021,"VENTRA ACCOUNT CHICAGO IL                    01/22",-5.00,DEBIT_CARD,136.80,,
DEBIT,01/22/2021,"PAYPAL *GITHUB INC 402-935-7733 CA           01/21",-5.00,DEBIT_CARD,141.80,,
DEBIT,01/22/2021,"AMZN Mktp US*EC92P7U Amzn.com/bill WA        01/22",-7.77,DEBIT_CARD,146.80,,
DEBIT,01/20/2021,"GOOGLE *YouTube Supe g.co/helppay# CA        01/19",-5.00,DEBIT_CARD,154.57,,
DEBIT,01/20/2021,"GOOGLE *YouTube Supe g.co/helppay# CA        01/19",-5.00,DEBIT_CARD,159.57,,
DEBIT,01/19/2021,"PAYPAL *MYSETV 402-935-7733 CA               01/18",-2.50,DEBIT_CARD,164.57,,
DEBIT,01/19/2021,"VENTRA ACCOUNT CHICAGO IL                    01/18",-2.50,DEBIT_CARD,167.07,,
DEBIT,01/19/2021,"DOLLARTRE 2118 W CERMA CHICAGO IL            01/18",-9.28,DEBIT_CARD,169.57,,
DEBIT,01/19/2021,"ATM WITHDRAWAL                       002051  01/171953 W 21",-240.00,ATM,178.85,,
DEBIT,01/19/2021,"Audible*BR6436FA3 Amzn.com/bill NJ           01/17",-14.95,DEBIT_CARD,418.85,,
DEBIT,01/19/2021,"PAYPAL *HUMBLEBUNDL 415-999-9999 CA          01/17",-20.00,DEBIT_CARD,433.80,,
DEBIT,01/19/2021,"PAYPAL *DOMINO'S 9166 402-935-7733 NE        01/18",-27.94,DEBIT_CARD,453.80,,
DEBIT,01/19/2021,"SIGNAL FOUNDATION SIGNAL.ORG CA              01/15",-15.00,DEBIT_CARD,481.74,,
DEBIT,01/19/2021,"PAYPAL *NAMECHEAP 402-935-7733 AZ            01/15",-10.16,DEBIT_CARD,496.74,,
CREDIT,01/15/2021,"GENESYS WORKS    PAYROLL                    PPD ID: 1271628710",505.69,ACH_CREDIT,506.90,,
DEBIT,01/14/2021,"PAYPAL *DOMINO'S 9166 402-935-7733 NE        01/14",-19.70,DEBIT_CARD,1.21,,
DEBIT,01/12/2021,"METROPCS WEB 888-863-8768 WA                 01/12",-5.00,DEBIT_CARD,20.91,,
DEBIT,01/11/2021,"PAYPAL *UDEMY 888-838-5432 CA                01/10",9.99,DEBIT_CARD,25.91,,
DEBIT,01/08/2021,"PAYPAL *UDEMY 888-838-5432 CA                01/08",-9.99,DEBIT_CARD,15.92,,
DEBIT,01/08/2021,"PAYPAL *HAPPYVILLEM 402-935-7733 CA          01/07",-6.99,DEBIT_CARD,25.91,,
DEBIT,01/08/2021,"U OF IL ONLINE PAYMENT 217-2449384 IL        01/06",-50.00,DEBIT_CARD,32.90,,
DEBIT,01/07/2021,"PAYPAL *STATUSCOUP 402-935-7733 CA           01/06",-10.00,DEBIT_CARD,82.90,,
DEBIT,01/06/2021,"CA U ILLINOIS CHICAGO 617-454-6707 CT        01/06",-60.00,DEBIT_CARD,92.90,,
DEBIT,01/05/2021,"PAYPAL *FACEBOOKTEC O 402-935-7733 CA        01/05",-23.55,DEBIT_CARD,152.90,,
DEBIT,01/05/2021,"PAYPAL *GRAMMARLY IDC 402-935-7733 CA        01/05",-59.95,DEBIT_CARD,176.45,,
DEBIT,01/05/2021,"Amazon.com*1B2G30OU3 Amzn.com/bill WA        01/04",-5.00,DEBIT_CARD,236.40,,
DEBIT,01/05/2021,"PAYPAL *ACTBLUE 402-935-7733 MA              01/04",-10.00,DEBIT_CARD,241.40,,
DEBIT,01/05/2021,"AMZN Mktp US*HW1049O Amzn.com/bill WA        01/04",-22.04,DEBIT_CARD,251.40,,
DEBIT,01/04/2021,"ATM WITHDRAWAL                       000649  01/0310 S DEAR",-40.00,ATM,273.44,,
DEBIT,01/04/2021,"1LNCLN PRK ZOO19846500 CHICAGO IL            01/03",-13.35,DEBIT_CARD,313.44,,
DEBIT,01/04/2021,"PAYPAL *CDJAPAN 4029357733                   01/02",-105.19,DEBIT_CARD,326.79,,
DEBIT,01/04/2021,"PAYPAL *DISCORD 402-935-7733 CA              01/02",-13.48,DEBIT_CARD,431.98,,
DEBIT,01/04/2021,"CLOUDAMO* CLOUDAMO 337 CAMBRIDGE ON          01/01",-27.00,DEBIT_CARD,445.46,,
DEBIT,01/04/2021,"PAYPAL *ZOHOCORPORA Z 402-935-7733 CA        01/01",-25.20,DEBIT_CARD,472.46,,
DEBIT,01/04/2021,"PAYPAL *ACTBLUE 402-935-7733 MA              01/01",-18.00,DEBIT_CARD,497.66,,
DEBIT,12/31/2020,"AMZN Digital*FD3V91PG 888-802-3080 WA        12/31",-7.99,DEBIT_CARD,515.66,,
CREDIT,12/31/2020,"GENESYS WORKS    PAYROLL                    PPD ID: 1271628710",510.16,ACH_CREDIT,523.65,,
DEBIT,12/30/2020,"WANIKANI JAPANESE LA HTTPSWWW.WANI OR        12/29",-9.00,DEBIT_CARD,13.49,,
DEBIT,12/29/2020,"NETFLIX.COM NETFLIX.COM CA                   12/29",-15.25,DEBIT_CARD,22.49,,
DEBIT,12/28/2020,"BIGSCREEN VR HTTPSWWW.BIGS CA                12/25",-3.99,DEBIT_CARD,37.74,,
DEBIT,12/28/2020,"VENTRA ACCOUNT CHICAGO IL                    12/24",-2.75,DEBIT_CARD,41.73,,
DEBIT,12/28/2020,"PAYPAL *ALIPAYSINGA AL 13917489939           12/24",-31.96,DEBIT_CARD,44.48,,
DEBIT,12/28/2020,"PAYPAL *ALIPAYSINGA AL 13917489939           12/24",31.96,DEBIT_CARD,76.44,,
DEBIT,12/24/2020,"PAYPAL *FLMW INTERC 202-930-8242 NY          12/23",-20.00,DEBIT_CARD,44.48,,
DEBIT,12/24/2020,"PAYPAL *SITEPOINT P 4029357733               12/23",-49.00,DEBIT_CARD,64.48,,
DEBIT,12/21/2020,"PAYPAL *MYSETV 402-935-7733 CA               12/19",-2.50,DEBIT_CARD,113.48,,
DEBIT,12/21/2020,"PETE'S FRESH MAR 2526 CHICAGO IL     416248  12/21",-22.95,DEBIT_CARD,115.98,,
DEBIT,12/21/2020,"Subway 47894 Chicago IL                      12/21",-2.60,DEBIT_CARD,138.93,,
DEBIT,12/21/2020,"VENTRA ACCOUNT CHICAGO IL                    12/20",-2.75,DEBIT_CARD,141.53,,
DEBIT,12/21/2020,"AMZN Mktp US*QH1E75P Amzn.com/bill WA        12/21",-15.93,DEBIT_CARD,144.28,,
DEBIT,12/21/2020,"VENTRA ACCOUNT CHICAGO IL                    12/19",-2.50,DEBIT_CARD,160.21,,
DEBIT,12/21/2020,"PANADERIA EL ACAMBARO CHICAGO IL             12/19",-9.20,DEBIT_CARD,162.71,,
DEBIT,12/21/2020,"VENTRA ACCOUNT CHICAGO IL                    12/19",-5.00,DEBIT_CARD,171.91,,
DEBIT,12/21/2020,"PAYPAL *EPIC GAMES 919-854-0070 NC           12/19",-11.00,DEBIT_CARD,176.91,,
DEBIT,12/21/2020,"Subway 47894 Chicago IL                      12/18",-15.23,DEBIT_CARD,187.91,,
DEBIT,12/21/2020,"VENTRA ACCOUNT CHICAGO IL                    12/18",-5.00,DEBIT_CARD,203.14,,
DEBIT,12/21/2020,"PAYPAL *UDEMY 888-838-5432 CA                12/18",-21.99,DEBIT_CARD,208.14,,
DEBIT,12/18/2020,"BP#1037900THACH CHICAGO IL                   12/18",-2.25,DEBIT_CARD,230.13,,
DEBIT,12/18/2020,"EL NUEVO TACONAZO CHICAGO IL                 12/17",-9.93,DEBIT_CARD,232.38,,
DEBIT,12/18/2020,"PAYPAL *HETZNER 98315050                     12/16",-31.95,DEBIT_CARD,242.31,,
DEBIT,12/17/2020,"PAYPAL *EASYNEWS.CO 402-935-7733 FL          12/17",-48.00,DEBIT_CARD,274.26,,
DEBIT,12/17/2020,"PETE'S FR 2526 W CERMA CHICAGO IL            12/17",-14.36,DEBIT_CARD,322.26,,
DEBIT,12/17/2020,"AMZN Mktp US*1N2XE48 Amzn.com/bill WA        12/16",-38.20,DEBIT_CARD,336.62,,
CREDIT,12/15/2020,"GENESYS WORKS    PAYROLL                    PPD ID: 1271628710",356.64,ACH_CREDIT,374.82,,
DEBIT,12/14/2020,"Audible*N26Y57EY3 Amzn.com/bill NJ           12/13",-14.95,DEBIT_CARD,18.18,,
DEBIT,12/14/2020,"PAYPAL *NAMECHEAP 402-935-7733 AZ            12/12",-5.88,DEBIT_CARD,33.13,,
DEBIT,12/14/2020,"PAYPAL *ITCH IO 631-681-1337 CA              12/12",-5.99,DEBIT_CARD,39.01,,
DEBIT,12/09/2020,"VENTRA ACCOUNT CHICAGO IL                    12/08",-5.00,DEBIT_CARD,45.00,,
DEBIT,12/08/2020,"FOREIGN EXCHANGE RATE ADJUSTMENT FEE         12/07SQ *GREEN",-0.18,FEE_TRANSACTION,50.00,,
DEBIT,12/08/2020,"7-ELEVEN CHICAGO IL                          12/08",-2.21,DEBIT_CARD,50.18,,
DEBIT,12/08/2020,"PAYPAL *THUNDERNEWS 888-418-8545 SC          12/07",-26.54,DEBIT_CARD,52.39,,
DEBIT,12/08/2020,"SQ *GREEN GOAT GAMING Beerwah                12/07 AU Dollar  8.07 X 0.7459727 (EXCHG RTE)",-6.02,DEBIT_CARD,78.93,,
DEBIT,12/07/2020,"AMZN Mktp US*SB5AF1N Amzn.com/bill WA        12/07",-31.86,DEBIT_CARD,84.95,,
DEBIT,12/07/2020,"PIZZA NOVA CHICAGO IL                        12/05",-21.00,DEBIT_CARD,116.81,,
DEBIT,12/07/2020,"VENTRA ACCOUNT CHICAGO IL                    12/05",-5.00,DEBIT_CARD,137.81,,
DEBIT,12/03/2020,"AMZ*iPT Technology L pay.amazon.co TX        12/03",-10.00,DEBIT_CARD,142.81,,
DEBIT,12/03/2020,"FEEDOC.ORG FEEDOC.ORG CA                     12/02",-5.00,DEBIT_CARD,152.81,,
DEBIT,12/03/2020,"PAYPAL *TEST-IQ.ORG 25030065                 12/02",-14.99,DEBIT_CARD,157.81,,
DEBIT,12/02/2020,"PAYPAL *CHICAGOPUBL 402-935-7733 IL          12/02",-16.50,DEBIT_CARD,172.80,,
DEBIT,12/02/2020,"AMZN Mktp US*JI8098I Amzn.com/bill WA        12/01",-34.09,DEBIT_CARD,189.30,,
DEBIT,12/02/2020,"PAYPAL *BRAINSTORMN 4029357733 QC            11/30",-25.85,DEBIT_CARD,223.39,,
DEBIT,12/01/2020,"UDEMY ONLINE COURSES 888-838-5432 CA         11/30",14.99,DEBIT_CARD,249.24,,
DEBIT,11/30/2020,"UDEMY ONLINE COURSES HTTPSWWW.UDEM CA        11/30",-14.99,DEBIT_CARD,234.25,,
DEBIT,11/30/2020,"UDEMY ONLINE COURSES HTTPSWWW.UDEM CA        11/29",-13.99,DEBIT_CARD,249.24,,
DEBIT,11/30/2020,"UDEMY ONLINE COURSES HTTPSWWW.UDEM CA        11/29",-24.98,DEBIT_CARD,263.23,,
DEBIT,11/30/2020,"EB ZOOLIGHTS PRESENTE 801-413-7200 CA        11/29",-15.45,DEBIT_CARD,288.21,,
DEBIT,11/30/2020,"NETFLIX.COM NETFLIX.COM CA                   11/29",-15.25,DEBIT_CARD,303.66,,
DEBIT,11/30/2020,"ATM WITHDRAWAL                       007247  11/291953 W 21",-20.00,ATM,318.91,,
DEBIT,11/30/2020,"Audible*LT67M25N3 Amzn.com/bill NJ           11/29",-14.95,DEBIT_CARD,338.91,,
DEBIT,11/30/2020,"MICRO ELE 2645 Elston Chicago IL             11/28",-215.19,DEBIT_CARD,353.86,,
CREDIT,11/30/2020,"GENESYS WORKS    PAYROLL                    PPD ID: 1271628710",443.85,ACH_CREDIT,569.05,,
CREDIT,11/30/2020,"ATM CASH DEPOSIT 11/28 2228 S WESTERN AVE CHICAGO IL",25.00,ATM,125.20,,
CREDIT,11/30/2020,"ATM CASH DEPOSIT 11/29 1953 W 21st Place CHICAGO IL",100.00,ATM,100.20,,
DEBIT,10/13/2020,"PAYPAL *VIZMEDIALLC 402-935-7733 CA          10/09",-1.99,DEBIT_CARD,0.20,,
DEBIT,10/13/2020,"Ventra    2011 S. Cali Chicago IL            10/11",-3.00,DEBIT_CARD,2.19,,
DEBIT,10/13/2020,"PAYPAL *BYTESIZED 641023671                  10/08",-17.14,DEBIT_CARD,5.19,,
DEBIT,10/09/2020,"Kindle Unltd*MK7CW65Q 866-321-8851 WA        10/09",-9.99,DEBIT_CARD,22.33,,
DEBIT,10/09/2020,"PAYPAL *JAROSLAVEHL 402-935-7733 CA          10/09",-9.00,DEBIT_CARD,32.32,,
CREDIT,10/08/2020,"ATM CASH DEPOSIT 10/08 2228 S WESTERN AVE CHICAGO IL",41.00,ATM,41.32,,
DEBIT,09/14/2020,"ATM WITHDRAWAL                       006462  09/142228 S WE",-40.00,ATM,0.32,,
CREDIT,09/14/2020,"ATM CASH DEPOSIT 09/14 2228 S WESTERN AVE CHICAGO IL",40.00,ATM,40.32,,
DEBIT,08/28/2020,"GOOGLE*YOUTUBE MEMBER INTERNET CA            08/27",-2.17,DEBIT_CARD,0.32,,
DEBIT,08/25/2020,"ACTBLUE*BRANDNEWCONG actbluecc.com MA        08/24",-5.00,DEBIT_CARD,2.49,,
DEBIT,08/24/2020,"PAYPAL *MAINETRANSG M 402-935-7733 CA        08/24",-10.00,DEBIT_CARD,7.49,,
DEBIT,08/24/2020,"ACTBLUE*SHAHID.BUTTA actbluecc.com MA        08/23",-13.12,DEBIT_CARD,17.49,,
DEBIT,08/24/2020,"OPTOUT.SUBSTACK.COM HTTPSWWW.OPTO NY         08/22",-5.00,DEBIT_CARD,30.61,,
DEBIT,08/24/2020,"ACTBLUE*DONATETODEMS actbluecc.com MA        08/22",-11.00,DEBIT_CARD,35.61,,
DEBIT,08/24/2020,"GOG sp. z o.o. Warsaw                        08/22",-19.98,DEBIT_CARD,46.61,,
DEBIT,08/21/2020,"Kindle Unltd*MM38U7PS 866-321-8851 WA        08/21",-9.99,DEBIT_CARD,66.59,,
CREDIT,08/20/2020,"ATM CASH DEPOSIT 08/20 1953 W 21st Place CHICAGO IL",72.00,ATM,76.58,,
DEBIT,08/17/2020,"AMZN Digital*MM0YJ9EC 888-802-3080 WA        08/15",-14.99,DEBIT_CARD,4.58,,
DEBIT,08/13/2020,"ACTBLUE*JD.SCHOLTEN actbluecc.com MA         08/12",-10.00,DEBIT_CARD,19.57,,
DEBIT,07/30/2020,"PAYPAL *VIZMEDIALLC 402-935-7733 CA          07/29",-1.99,DEBIT_CARD,29.57,,
DEBIT,07/30/2020,"PP*APPLE.COM/BILL 402-935-7733 CA            07/30",-6.36,DEBIT_CARD,31.56,,
DEBIT,07/28/2020,"GOOGLE*YOUTUBE MEMBER INTERNET CA            07/27",-2.17,DEBIT_CARD,37.92,,
DEBIT,07/20/2020,"QuickPay with Zelle payment to Cristopher Sanchez 9973056363",-100.00,QUICKPAY_DEBIT,40.09,,
CREDIT,07/20/2020,"ATM CASH DEPOSIT 07/19 1953 W 21st Place CHICAGO IL",140.00,ATM,140.09,,
DEBIT,07/03/2020,"GOOGLE*DONATIONS NFG INTERNET CA             07/01",-5.00,DEBIT_CARD,0.09,,
DEBIT,07/03/2020,"GOOGLE*DONATIONS NFG INTERNET CA             07/01",-5.00,DEBIT_CARD,5.09,,
DEBIT,06/30/2020,"PAYPAL *VIZMEDIALLC 402-935-7733 CA          06/29",-1.99,DEBIT_CARD,10.09,,
DEBIT,06/30/2020,"PAYPAL *MOZILLA FDN 402-935-7733 CA          06/30",-5.00,DEBIT_CARD,12.08,,
DEBIT,06/30/2020,"NINTENDO    *AMERICAU 800-255-3700 WA        06/30",-2.11,DEBIT_CARD,17.08,,
DEBIT,06/30/2020,"PAYPAL *ACTBLUE 402-935-7733 MA              06/29",-5.00,DEBIT_CARD,19.19,,
DEBIT,06/29/2020,"GOOGLE*YOUTUBE MEMBER INTERNET CA            06/27",-2.17,DEBIT_CARD,24.19,,
DEBIT,06/29/2020,"PP*APPLE.COM/BILL 402-935-7733 CA            06/27",-5.44,DEBIT_CARD,26.36,,
DEBIT,06/26/2020,"PAYPAL *PADDLE.COM 35314369001               06/24",-34.99,DEBIT_CARD,31.80,,
DEBIT,06/25/2020,"ACTBLUE*ANDREW.ROMAN actbluecc.com MA        06/24",-4.00,DEBIT_CARD,66.79,,
DEBIT,06/25/2020,"PAYPAL *DEMOCRCYNOW 402-935-7733 NY          06/25",-5.00,DEBIT_CARD,70.79,,
DEBIT,06/25/2020,"ACTBLUE*DONATETODEMS actbluecc.com MA        06/24",-6.00,DEBIT_CARD,75.79,,
DEBIT,06/25/2020,"PAYPAL *ACTBLUE 402-935-7733 MA              06/24",-11.00,DEBIT_CARD,81.79,,
DEBIT,06/25/2020,"PP*APPLE.COM/BILL 402-935-7733 CA            06/24",-10.61,DEBIT_CARD,92.79,,
DEBIT,06/24/2020,"PP*APPLE.COM/BILL 402-935-7733 CA            06/24",-10.61,DEBIT_CARD,103.40,,
DEBIT,06/24/2020,"PAYPAL *STREAMLOCAL S 402-935-7733 CA        06/24",-2.35,DEBIT_CARD,114.01,,
DEBIT,06/24/2020,"PAYPAL *STREAMLOCAL S 402-935-7733 CA        06/24",-2.94,DEBIT_CARD,116.36,,
DEBIT,06/24/2020,"VENTRA ACCOUNT CHICAGO IL                    06/23",-2.50,DEBIT_CARD,119.30,,
CREDIT,06/23/2020,"ATM CASH DEPOSIT 06/23 2228 S WESTERN AVE CHICAGO IL",121.00,ATM,121.80,,
DEBIT,05/04/2020,"JACOBIN FOUNDATION JACOBINMAG.CO NY          05/02",-1.00,DEBIT_CARD,0.80,,
DEBIT,04/30/2020,"PAYPAL *VIZMEDIALLC 402-935-7733 CA          04/29",-1.99,DEBIT_CARD,1.80,,
DEBIT,04/20/2020,"Amazon Prime*6H44C9J Amzn.com/bill WA        04/18",-12.99,DEBIT_CARD,3.79,,
DEBIT,04/20/2020,"ACTBLUE*SHAHID.BUTTA actbluecc.com MA        04/18",-5.00,DEBIT_CARD,16.78,,
DEBIT,04/15/2020,"PAYPAL *STEAM GAMES 402-935-7733 WA          04/15",-19.29,DEBIT_CARD,21.78,,
DEBIT,04/15/2020,"NINTENDO    *AMERICAU 800-255-3700 WA        04/15",-10.61,DEBIT_CARD,41.07,,
DEBIT,04/15/2020,"NINTENDO    *AMERICAU 800-255-3700 WA        04/15",-1.58,DEBIT_CARD,51.68,,
DEBIT,04/15/2020,"NINTENDO    *AMERICAU 800-255-3700 WA        04/15",-4.24,DEBIT_CARD,53.26,,
DEBIT,04/15/2020,"PAYPAL *STEAM GAMES 402-935-7733 WA          04/15",19.29,DEBIT_CARD,57.50,,
DEBIT,04/14/2020,"PAYPAL *PLEX 402-935-7733 CA                 04/13",-2.00,DEBIT_CARD,38.21,,
DEBIT,04/14/2020,"GOOGLE *Pay VISA DIRECT CA           862520  04/14",42.12,DEBIT_CARD,40.21,,
DEBIT,04/13/2020,"GOOGLE*POCKET CASTS INTERNET CA              04/09",-1.05,DEBIT_CARD,-1.91,,
DEBIT,04/13/2020,"PAYPAL *MYSETV 402-935-7733 CA               04/13",-2.50,DEBIT_CARD,-0.86,,
DEBIT,04/13/2020,"GOOGLE *KITXOO g.co/helppay# CA              04/12",-1.05,DEBIT_CARD,1.64,,
DEBIT,04/13/2020,"PAYPAL *DATAHOARDER 402-935-7733 CA          04/12",-4.00,DEBIT_CARD,2.69,,
DEBIT,04/13/2020,"DOMINO'S 9166 562-630-0005 IL                04/10",-25.21,DEBIT_CARD,6.69,,
DEBIT,04/13/2020,"PAYPAL *ACTBLUE 402-935-7733 MA              04/10",-6.00,DEBIT_CARD,31.90,,
DEBIT,04/10/2020,"WINDSCRIBE.COM RICHMOND HILL ON              04/09",-2.00,DEBIT_CARD,37.90,,
DEBIT,04/10/2020,"GPLAYER-DISCORD LONDON                       04/09",-3.32,DEBIT_CARD,39.90,,
DEBIT,04/08/2020,"Amazon Prime*KW47J1B Amzn.com/bill WA        04/08",-12.99,DEBIT_CARD,43.22,,
DEBIT,04/08/2020,"PAYPAL *MICROSOFT STO 402-935-7733 WA        04/08",-1.58,DEBIT_CARD,56.21,,
DEBIT,04/08/2020,"GOOGLE*KITXOO INTERNET CA                    04/07",-5.30,DEBIT_CARD,57.79,,
DEBIT,04/08/2020,"PAYPAL *CONTABO 35314369001                  04/06",-34.94,DEBIT_CARD,63.09,,
DEBIT,04/07/2020,"PAYPAL *OFFGAMERS 31583145                   04/05",-16.53,DEBIT_CARD,98.03,,
DEBIT,04/06/2020,"TIDAL 844-878-4325 844-8784325 FL            04/05",-4.99,DEBIT_CARD,114.56,,
DEBIT,04/06/2020,"POPHOST* POPCORNEY COMOX BC                  04/05",-1.00,DEBIT_CARD,119.55,,
CREDIT,04/06/2020,"ATM CASH DEPOSIT 04/04 1953 W 21st Place CHICAGO IL",120.00,ATM,120.55,,
DEBIT,03/20/2020,"MURILO VENTUROSO ITUVERAVA                   03/19",-1.00,DEBIT_CARD,0.55,,
DEBIT,03/18/2020,"GOOGLE*TIBOR KAPUTA INTERNET CA              03/17",-1.26,DEBIT_CARD,1.55,,
DEBIT,03/16/2020,"BEST BUY 1142 00011429 CHICAGO IL            03/14",-17.41,DEBIT_CARD,2.81,,
DEBIT,03/16/2020,"PAYPAL *PLEX 402-935-7733 CA                 03/14",-2.00,DEBIT_CARD,20.22,,
DEBIT,03/11/2020,"SUBWAY        03333200 CHICAGO IL            03/10",-8.07,DEBIT_CARD,22.22,,
DEBIT,03/11/2020,"GOOGLE*POCKET CASTS INTERNET CA              03/10",-1.05,DEBIT_CARD,30.29,,
DEBIT,03/10/2020,"GPLAYER-DISCORD LONDON                       03/09",-3.32,DEBIT_CARD,31.34,,
DEBIT,03/10/2020,"FARNELL GROUP LONDON                         03/09",-1.00,DEBIT_CARD,34.66,,
DEBIT,03/10/2020,"WINDSCRIBE.COM RICHMOND HILL ON              03/09",-2.00,DEBIT_CARD,35.66,,
DEBIT,03/10/2020,"PAYPAL *MICAHM322 402-935-7733 CA            03/09",-6.47,DEBIT_CARD,37.66,,
CREDIT,03/09/2020,"ATM CASH DEPOSIT 03/09 2228 S WESTERN AVE CHICAGO IL",44.00,ATM,44.13,,
DEBIT,03/06/2020,"SUBWAY        03333200 CHICAGO IL            03/05",-10.49,DEBIT_CARD,0.13,,
DEBIT,03/05/2020,"PAYPAL *INTERNETSHI 402-935-7733 CA          03/04",-15.74,DEBIT_CARD,10.62,,
DEBIT,03/04/2020,"PAYPAL *CONTABO 35314369001                  03/03",-9.27,DEBIT_CARD,26.36,,
DEBIT,03/02/2020,"PAYPAL *MICROSOFT STO 402-935-7733 WA        03/02",-1.06,DEBIT_CARD,35.63,,
DEBIT,03/02/2020,"PAYPAL *REDDIT GOLD 415-494-8016 CA          03/02",-5.99,DEBIT_CARD,36.69,,
DEBIT,03/02/2020,"PAYPAL *REDDIT GOLD 415-494-8016 CA          03/01",-5.99,DEBIT_CARD,42.68,,
DEBIT,03/02/2020,"PAYPAL *VULTRHOLDIN 402-935-7733 NJ          03/01",-10.00,DEBIT_CARD,48.67,,
DEBIT,03/02/2020,"SYNCB PAYMENT 877-989-3268 GA                02/28",-193.16,DEBIT_CARD,58.67,,
DEBIT,03/02/2020,"PAYPAL *DOMINO'S 9187 402-935-7733 NE        02/29",-19.28,DEBIT_CARD,251.83,,
DEBIT,02/28/2020,"SUBWAY        03333200 CHICAGO IL            02/27",-5.84,DEBIT_CARD,271.11,,
DEBIT,02/26/2020,"SUBWAY        03264447 CHICAGO IL            02/26",-6.69,DEBIT_CARD,276.95,,
DEBIT,02/25/2020,"VENTRA MOBILE 877-669-8368 IL                02/24",-10.00,DEBIT_CARD,283.64,,
DEBIT,02/24/2020,"GOOGLE *Inkl Premium 855-836-3987 CA         02/23",-10.61,DEBIT_CARD,293.64,,
DEBIT,02/24/2020,"AMZN Pickup*435KI0ZN Amzn.com/bill WA        02/24",-1.20,DEBIT_CARD,304.25,,
DEBIT,02/24/2020,"AMZN Pickup*5S5IN3OY Amzn.com/bill WA        02/24",-73.20,DEBIT_CARD,305.45,,
DEBIT,02/24/2020,"PAYPAL *REDDIT GOLD 402-935-7733 CA          02/23",-5.99,DEBIT_CARD,378.65,,
DEBIT,02/24/2020,"MANEXIM ESSEN                                02/22",-3.00,DEBIT_CARD,384.64,,
DEBIT,02/24/2020,"UBER   EATS HELP.UBER.COM CA                 02/21",-20.58,DEBIT_CARD,387.64,,
DEBIT,02/19/2020,"SUBWAY        03333200 CHICAGO IL            02/18",-7.72,DEBIT_CARD,408.22,,
DEBIT,02/18/2020,"Amazon Prime*MK3H262 Amzn.com/bill WA        02/18",-12.99,DEBIT_CARD,415.94,,
DEBIT,02/18/2020,"AMZN Mktp US*QN05A1Z Amzn.com/bill WA        02/18",-95.52,DEBIT_CARD,428.93,,
DEBIT,02/18/2020,"Ventra    2009 S. Hoyn CHICAGO IL            02/16",-10.00,DEBIT_CARD,524.45,,
DEBIT,02/18/2020,"AMZN Mktp US*S60JY74 Amzn.com/bill WA        02/16",-14.12,DEBIT_CARD,534.45,,
DEBIT,02/18/2020,"MURILO VENTUROSO ITUVERAVA                   02/16",-2.00,DEBIT_CARD,548.57,,
DEBIT,02/18/2020,"SOUNDIIZ PREMIUM COUERON                     02/15",-4.50,DEBIT_CARD,550.57,,
DEBIT,02/18/2020,"UBER   EATS HELP.UBER.COM CA                 02/14",-16.73,DEBIT_CARD,555.07,,
DEBIT,02/11/2020,"PAYPAL *CONTABO 35314369001                  02/10",-14.81,DEBIT_CARD,571.80,,
DEBIT,02/10/2020,"GOOGLE *Pocket Casts 855-836-3987 CA         02/10",-1.05,DEBIT_CARD,586.61,,
DEBIT,02/10/2020,"AMZN Pickup*586NR7UU Amzn.com/bill WA        02/09",-27.61,DEBIT_CARD,587.66,,
CREDIT,02/10/2020,"ATM CASH DEPOSIT 02/08 2228 S WESTERN AVE CHICAGO IL",615.00,ATM,615.27,,
